@article{barsoum2000processing,
  title={Processing and characterization of {Ti$_2$AlC}, {Ti$_2$AlN}, and {Ti$_2$AlC$_{0.5}$N$_{0.5}$}},
  author={Barsoum, MW and El-Raghy, T and Ali, M},
  journal={Metallurgical and Materials Transactions A},
  volume={31},
  number={7},
  pages={1857--1865},
  year={2000},
  publisher={Springer}
}

@article{cabioch2013tailoring,
  title={Tailoring of the thermal expansion of {Cr 2 (Al$_x$,Ge$_{1- x}$)C} phases},
  author={Cabioch, Thierry and Eklund, Per and Mauchamp, Vincent and Jaouen, Michel and Barsoum, Michel W},
  journal={Journal of the European Ceramic Society},
  volume={33},
  number={4},
  pages={897--904},
  year={2013},
  publisher={Elsevier}
}

@book{barsoum2013max,
  title={MAX phases: Properties of machinable ternary carbides and nitrides},
  author={Barsoum, Michel W},
  year={2013},
  publisher={John Wiley \& Sons}
}

@article{radovic2013max,
  title={MAX phases: Bridging the gap between metals and ceramics},
  author={Radovic, Miladin and Barsoum, Michel W},
  journal={American Ceramics Society Bulletin},
  volume={92},
  number={3},
  pages={20--27},
  year={2013},
  publisher={American Ceramic Society, Inc., 735 Ceramic Place Westerville OH 43081 United States}
}

@article{tallman2013critical,
  title={A critical review of the oxidation of {Ti$_2$AlC}, {Ti$_3$AlC$_2$} and {Cr$_2$AlC} in air},
  author={Tallman, Darin J and Anasori, Babak and Barsoum, Michel W},
  journal={Materials Research Letters},
  volume={1},
  number={3},
  pages={115--125},
  year={2013},
  publisher={Taylor \& Francis}
}

@article{basu2011long,
  title={Long-Term Oxidation of {Ti$_2$AlC} in Air and Water Vapor at 1000--1300Â° {C} Temperature Range},
  author={Basu, S and Obando, N and Gowdy, A and Karaman, I and Radovic, M},
  journal={Journal of the Electrochemical Society},
  volume={159},
  number={2},
  pages={C90--C96},
  year={2011},
  publisher={The Electrochemical Society}
}

@article{sloof2016repeated,
  title={Repeated crack healing in {MAX}-phase ceramics revealed by {4D} in situ synchrotron {X}-ray tomographic microscopy},
  author={Sloof, Willem G and Pei, Ruizhi and McDonald, Samuel A and Fife, Julie L and Shen, Lu and Boatemaa, Linda and Farle, Ann-Sophie and Yan, Kun and Zhang, Xun and van der Zwaag, Sybrand and others},
  journal={Scientific reports},
  volume={6},
  year={2016},
  publisher={Nature Publishing Group}
}

@article{caspi2015ordering,
  title={Ordering of (Cr, V) Layers in Nanolamellar (Cr0. 5V0. 5) n+ 1AlC n Compounds},
  author={Caspi, El'ad N and Chartier, Patrick and Porcher, Florence and Damay, Fran{\c{c}}oise and Cabioc'h, Thierry},
  journal={Materials Research Letters},
  volume={3},
  number={2},
  pages={100--106},
  year={2015},
  publisher={Taylor \& Francis}
}

@article{benitez2016room,
  title={Room temperature stress-strain hysteresis in {Ti$_2$AlC} revisited},
  author={Benitez, Rogelio and Kan, Wen Hao and Gao, Huili and O'Neal, Morgan and Proust, Gw{\'e}na{\"e}lle and Radovic, Miladin},
  journal={Acta Materialia},
  volume={105},
  pages={294--305},
  year={2016},
  publisher={Elsevier}
}

@article{liu2005structure,
  title={Structure, energetics, and mechanical stability of {Fe-Cu} bcc alloys from first-principles calculations},
  author={Liu, Jefferson Z and Van De Walle, A and Ghosh, G and Asta, M},
  journal={Physical Review B},
  volume={72},
  number={14},
  pages={144109},
  year={2005},
  publisher={APS}
}

@article{barsoum2000,
  title={The {M$_{N+ 1}$AX$_N$} phases: {A} new class of solids: {T}hermodynamically stable nanolaminates},
  author={Barsoum, Michel W},
  journal={Progress in Solid State Chemistry},
  volume={28},
  number={1},
  pages={201--281},
  year={2000},
  publisher={Elsevier}
}

@incollection{ barsoum2004,
	title = {Mechanical properties of the {MAX} phases},
	author = {M. W. Barsoum and M. Radovic},
	year = {2004},
	publisher = {Elsevier},
	booktitle = {Encyclopedia of Materials: Science and Technology},
	editor = {K. H. J. Buschow and R. Cahn and M. Flemings and B. Ilschner and E. Kramer and S. Mahajan and P. Veyssiere},
	address = {Amsterdam},
	pages = {1--16}
}

@article{barsoum2011elastic,
  title={Elastic and mechanical properties of the {MAX} phases},
  author={Barsoum, Michel W and Radovic, Miladin},
  journal={Annual review of materials research},
  volume={41},
  pages={195--227},
  year={2011},
  publisher={Annual Reviews}
}

@article{sun2011progress,
  title={Progress in research and development on {MAX} phases: {A} family of layered ternary compounds},
  author={Sun, ZM},
  journal={International Materials Reviews},
  volume={56},
  number={3},
  pages={143--166},
  year={2011},
  publisher={Taylor \& Francis}
}

@article{barsoum2003fully,
  title={Fully reversible, dislocation-based compressive deformation of {Ti$_3$SiC$_2$} to 1~{GPa}},
  author={Barsoum, MW and Zhen, T and Kalidindi, SR and Radovic, M and Murugaiah, A},
  journal={Nature Materials},
  volume={2},
  number={2},
  pages={107--111},
  year={2003},
  publisher={Nature Publishing Group}
}

@article{radovic2002effect,
  title={Effect of temperature, strain rate and grain size on the mechanical response of {Ti$_3$SiC$_2$} in tension},
  author={Radovic, M and Barsoum, MW and El-Raghy, T and Wiederhorn, SM and Luecke, WE},
  journal={Acta materialia},
  volume={50},
  number={6},
  pages={1297--1306},
  year={2002},
  publisher={Elsevier}
}

@article{wang2010layered,
  title={Layered machinable and electrically conductive {Ti$_2$AlC} and {Ti$_3$AlC$_2$} ceramics: a review},
  author={Wang, XH and Zhou, YC},
  journal={Journal of Materials Science \& Technology},
  volume={26},
  number={5},
  pages={385--416},
  year={2010},
  publisher={Elsevier}
}

@misc{barsoum2010max,
  title={The {MAX} {P}hases and {T}heir {P}roperties in {C}eramics {S}cience and {T}echnology},
  author={Barsoum, MW},
  year={2010},
  publisher={by RR Riedel and I.-W. Chen (Wiley--VCH, New York, 2010)}
}

@article{aryal2014genomic,
  title={A genomic approach to the stability, elastic, and electronic properties of the {MAX} phases},
  author={Aryal, Sitaram and Sakidja, Ridwan and Barsoum, Michel W and Ching, Wai-Yim},
  journal={Physica Status Solidi (B)},
  volume={251},
  number={8},
  pages={1480--1497},
  year={2014},
  publisher={Wiley Online Library}
}

@article{naguib2014new,
  title={New Solid Solution {MAX} Phases:{(Ti$_{0.5}$,V$_{0.5}$)$_3$AlC$_2$ , (Nb$_{0.5}$,V$_{0.5}$)$_2$AlC, (Nb$_{0.5}$, V$_{0.5}$)$_4$AlC$_3$ and (Nb$_{0.8}$,Zr$_{0.2}$)$_2$AlC}},
  author={Naguib, M and Bentzel, GW and Shah, J and Halim, J and Caspi, EN and Lu, J and Hultman, L and Barsoum, MW},
  journal={Materials Research Letters},
  volume={2},
  number={4},
  pages={233--240},
  year={2014},
  publisher={Taylor \& Francis}
}

@article{zhou2008new,
  title={New {MAX}-{P}hase {C}ompounds in the {V--Cr--Al--C} {S}ystem},
  author={Zhou, Yanchun and Meng, Fanling and Zhang, Jie},
  journal={Journal of the American Ceramic Society},
  volume={91},
  number={4},
  pages={1357--1360},
  year={2008},
  publisher={Wiley Online Library}
}

@article{meng2005strengthening,
  title={Strengthening of {Ti$_2$AlC} by substituting {Ti} with {V}},
  author={Meng, FL and Zhou, YC and Wang, JY},
  journal={Scripta materialia},
  volume={53},
  number={12},
  pages={1369--1372},
  year={2005},
  publisher={Elsevier}
}

@article{salama2002synthesis,
  title={Synthesis and Mechanical Properties of {Nb$_2$AlC} and {(Ti,Nb)$_2$AlC}},
  author={Salama, I and El-Raghy, T and Barsoum, MW},
  journal={Journal of alloys and compounds},
  volume={347},
  number={1},
  pages={271--278},
  year={2002},
  publisher={Elsevier}
}

@article{ganguly2004synthesis,
  title={Synthesis and mechanical properties of {Ti$_3$GeC$_2$} and {Ti$_3$(Si$_x$Ge$_{1- x}$)C$_2$} (x= 0.5, 0.75) solid solutions},
  author={Ganguly, A and Zhen, T and Barsoum, MW},
  journal={Journal of alloys and compounds},
  volume={376},
  number={1},
  pages={287--295},
  year={2004},
  publisher={Elsevier}
}

@article{mockute2013synthesis,
  title={Synthesis and ab initio calculations of nanolaminated {(Cr, Mn)$_2$AlC} compounds},
  author={Mockute, Aurelija and Dahlqvist, Martin and Emmerlich, Jens and Hultman, Lars and Schneider, Jochen M and Persson, Per O{\AA} and Rosen, Johanna},
  journal={Physical Review B},
  volume={87},
  number={9},
  pages={094113},
  year={2013},
  publisher={APS}
}

@article{dahlqvist2011magnetic,
  title={Magnetic nanoscale laminates with tunable exchange coupling from first principles},
  author={Dahlqvist, Martin and Alling, Bj{\"o}rn and Abrikosov, IA and Ros{\'e}n, Johanna},
  journal={Physical Review B},
  volume={84},
  number={22},
  pages={220403},
  year={2011},
  publisher={APS}
}

@article{sandratskii2002exchange,
  title={Exchange interactions and curie temperature in {(Ga, Mn) As}},
  author={Sandratskii, LM and Bruno, P},
  journal={Physical Review B},
  volume={66},
  number={13},
  pages={134435},
  year={2002},
  publisher={APS}
}

@article{larson1988theory,
  title={Theory of exchange interactions and chemical trends in diluted magnetic semiconductors},
  author={Larson, BE and Hass, KC and Ehrenreich, H and Carlsson, AE},
  journal={Physical Review B},
  volume={37},
  number={8},
  pages={4137},
  year={1988},
  publisher={APS}
}

@article{saal2013materials,
  title={Materials design and discovery with high-throughput density functional theory: The Open Quantum Materials Database {(OQMD)}},
  author={Saal, James E and Kirklin, Scott and Aykol, Muratahan and Meredig, Bryce and Wolverton, Christopher},
  journal={Jom},
  volume={65},
  number={11},
  pages={1501--1509},
  year={2013},
  publisher={Springer}
}

@article{curtarolo2012aflowlib,
  title={{AFLOWLIB.ORG}:{A} distributed materials properties repository from high-throughput ab initio calculations},
  author={Curtarolo, Stefano and Setyawan, Wahyu and Wang, Shidong and Xue, Junkai and Yang, Kesong and Taylor, Richard H and Nelson, Lance J and Hart, Gus LW and Sanvito, Stefano and Buongiorno-Nardelli, Marco and others},
  journal={Computational Materials Science},
  volume={58},
  pages={227--235},
  year={2012},
  publisher={Elsevier}
}

@article{sundberg2004alumina,
  title={Alumina forming high temperature silicides and carbides},
  author={Sundberg, M and Malmqvist, G and Magnusson, A and El-Raghy, T},
  journal={Ceramics International},
  volume={30},
  number={7},
  pages={1899--1904},
  year={2004},
  publisher={Elsevier}
}

@article{song2008oxidation,
  title={Oxidation-induced crack healing in {Ti$_3$AlC$_2$} ceramics},
  author={Song, GM and Pei, YT and Sloof, WG and Li, SB and De Hosson, J Th M and Van der Zwaag, S},
  journal={Scripta Materialia},
  volume={58},
  number={1},
  pages={13--16},
  year={2008},
  publisher={Elsevier}
}

@article{li2012multiple,
  title={Multiple crack healing of a {Ti$_2$AlC} ceramic},
  author={Li, Shibo and Song, Guiming and Kwakernaak, Kees and van der Zwaag, Sybrand and Sloof, Wim G},
  journal={Journal of the European Ceramic Society},
  volume={32},
  number={8},
  pages={1813--1820},
  year={2012},
  publisher={Elsevier}
}

@article{schuster1980ternary,
  title={The ternary systems: {Cr--Al--C}, {V--Al--C}, and {Ti--Al--C} and the behavior of H-phases {(M$_2$AlC)}},
  author={Schuster, JC and Nowotny, H and Vaccaro, C},
  journal={Journal of Solid State Chemistry},
  volume={32},
  number={2},
  pages={213--219},
  year={1980},
  publisher={Elsevier}
}

@article{wang2004ab,
  title={Ab initio elastic stiffness of nano-laminate {(M$_x$M$_{2- x}$)AlC} (M and Mâ²= Ti, V and Cr) solid solution},
  author={Wang, JY and Zhou, YC},
  journal={Journal of Physics: Condensed Matter},
  volume={16},
  number={16},
  pages={2819},
  year={2004},
  publisher={IOP Publishing}
}

@article{yeh2013formation,
  title={Formation of {MAX} solid solutions {(Ti, V)$_2$AlC} and {(Cr,V)$_2$AlC} with {Al$_2$O$_3$ addition by SHS involving aluminothermic reduction}},
  author={Yeh, CL and Yang, WJ},
  journal={Ceramics International},
  volume={39},
  number={7},
  pages={7537--7544},
  year={2013},
  publisher={Elsevier}
}

@article{tian2009synthesis,
  title={Synthesis, microstructure and properties of (Cr 1- x V x) 2 AlC solid solutions},
  author={Tian, WuBian and Sun, ZhengMing and Hashimoto, Hitoshi and Du, YuLei},
  journal={Journal of Alloys and Compounds},
  volume={484},
  number={1},
  pages={130--133},
  year={2009},
  publisher={Elsevier}
}


@article{nowotny1982structural,
  title={Structural chemistry of complex carbides and related compounds},
  author={Nowotny, Hans and Rogl, Peter and Schuster, Julius C},
  journal={Journal of Solid State Chemistry},
  volume={44},
  number={1},
  pages={126--133},
  year={1982},
  publisher={Elsevier}
}

@article{dahlqvist2010stability,
  title={Stability trends of {MAX} phases from first principles},
  author={Dahlqvist, Martin and Alling, Bj{\"o}rn and Ros{\'e}n, Johanna},
  journal={Physical Review B},
  volume={81},
  number={22},
  pages={220102},
  year={2010},
  publisher={APS}
}

@article{gupta2006synthesis,
  title={Synthesis and oxidation of Ti 2 InC, Zr 2 InC,(Ti 0.5, Zr 0.5) 2 InC and (Ti 0.5, Hf 0.5) 2 InC in air},
  author={Gupta, S and Hoffman, EN and Barsoum, MW},
  journal={Journal of alloys and compounds},
  volume={426},
  number={1},
  pages={168--175},
  year={2006},
  publisher={Elsevier}
}

@article{barsoum2002fabrication,
  title={Fabrication and electrical and thermal properties of Ti 2 InC, Hf 2 InC and (Ti, Hf) 2 InC},
  author={Barsoum, MW and Golczewski, J and Seifert, HJ and Aldinger, F},
  journal={Journal of alloys and compounds},
  volume={340},
  number={1},
  pages={173--179},
  year={2002},
  publisher={Elsevier}
}

@article{phatak2009synthesis,
  title={Synthesis of a new MAX compound {(Cr$_{0.5}$V$_{0.5}$)$_2$GeC} and its compressive behavior up to 49 {GPa}},
  author={Phatak, Nishad A and Saxena, Surendra K and Fei, Yingwei and Hu, Jingzhu},
  journal={Journal of Alloys and Compounds},
  volume={475},
  number={1},
  pages={629--634},
  year={2009},
  publisher={Elsevier}
}


@article{mockute2015solid,
  title={Solid solubility and magnetism upon {Mn} incorporation in the bulk ternary carbides {Cr$_2$AlC} and {Cr$_2$GaC}},
  author={Mockute, Aurelija and Lu, Jun and Moon, EJ and Yan, M and Anasori, B and May, SJ and Barsoum, MW and Ros{\'e}n, Johanna},
  journal={Materials Research Letters},
  volume={3},
  number={1},
  pages={16--22},
  year={2015},
  publisher={Taylor \& Francis}
}


@article{liu2008thermodynamic,
  title={Thermodynamic states and phase diagrams for bulk-incoherent, bulk-coherent, and epitaxially-coherent semiconductor alloys: Application to cubic (Ga, In) N},
  author={Liu, Jefferson Z and Zunger, Alex},
  journal={Physical Review B},
  volume={77},
  number={20},
  pages={205201},
  year={2008},
  publisher={APS}
}

@article{horlait2016synthesis,
  title={Synthesis and {DFT} investigation of new bismuth-containing MAX phases},
  author={Horlait, Denis and Middleburgh, Simon C and Chroneos, Alexander and Lee, William E},
  journal={Scientific reports},
  volume={6},
  year={2016},
  publisher={Nature Publishing Group}
}

@article{anasori2015experimental,
  title={Experimental and theoretical characterization of ordered MAX phases Mo2TiAlC2 and Mo2Ti2AlC3},
  author={Anasori, Babak and Dahlqvist, Martin and Halim, Joseph and Moon, Eun Ju and Lu, Jun and Hosler, Brian C and El'ad, N Caspi and May, Steven J and Hultman, Lars and Eklund, Per and others},
  journal={Journal of Applied Physics},
  volume={118},
  number={9},
  pages={094304},
  year={2015},
  publisher={AIP Publishing}
}

@article{du2009theoretical,
  title={Theoretical investigations on the elastic and thermodynamic properties of {Ti$_2$AlC$_{0.5}$N$_{0.5}$} solid solution},
  author={Du, YL and Sun, ZM and Hashimoto, H and Barsoum, MW},
  journal={Physics Letters A},
  volume={374},
  number={1},
  pages={78--82},
  year={2009},
  publisher={Elsevier}
}

@article{arroyave2011MAX,
  title={Ab initio investigation of {Ti$_2$Al(C, N)} solid solutions},
  author={Arr{\'o}yave, Raymundo and Radovic, Miladin},
  journal={Physical Review B},
  volume={84},
  number={13},
  pages={134112},
  year={2011},
  publisher={APS}
}

@book{domb2000phase,
  title={Phase transitions and critical phenomena},
  author={Domb, Cyril},
  volume={19},
  year={2000},
  publisher={Academic Press}
}

@article{de1994solid,
  title={Solid State Physics},
  author={De Fontaine, D and Ehrenreich, H},
  journal={New York Academic, New York},
  volume={47},
  pages={33--176},
  year={1994}
}

@article{kohn1965self,
  title={Self-consistent equations including exchange and correlation effects},
  author={Kohn, Walter and Sham, Lu Jeu},
  journal={Physical review},
  volume={140},
  number={4A},
  pages={A1133},
  year={1965},
  publisher={APS}
}

@article{vasp,
  title={Efficient iterative schemes for ab initio total-energy calculations using a plane-wave basis set},
  author={Kresse, Georg and Furthm{\"u}ller, J{\"u}rgen},
  journal={Physical Review B},
  volume={54},
  number={16},
  pages={11169},
  year={1996},
  publisher={APS}
}

@article{wei1990electronic,
  title={Electronic properties of random alloys: Special quasirandom structures},
  author={Wei, S-H and Ferreira, LG and Bernard, James E and Zunger, Alex},
  journal={Physical Review B},
  volume={42},
  number={15},
  pages={9622},
  year={1990},
  publisher={APS}
}

@article{turchi2007interface,
  title={Interface between quantum-mechanical-based approaches, experiments, and CALPHAD methodology},
  author={Turchi, Patrice EA and Abrikosov, Igor A and Burton, Benjamin and Fries, Suzana G and Grimvall, G{\"o}ran and Kaufman, Larry and Korzhavyi, Pavel and Manga, V Rao and Ohno, Munekazu and Pisch, Alexander and others},
  journal={Calphad},
  volume={31},
  number={1},
  pages={4--27},
  year={2007},
  publisher={Elsevier}
}

@article{yonezawa1973coherent,
  title={Coherent Potential Approximation. Basic concepts and applications},
  author={Yonezawa, Fumiko and Morigaki, Kazuo},
  journal={Progress of Theoretical Physics Supplement},
  volume={53},
  pages={1--76},
  year={1973},
  publisher={Oxford University Press}
}

@article{zunger1990special,
  title={Special quasirandom structures},
  author={Zunger, Alex and Wei, S-H and Ferreira, LG and Bernard, James E},
  journal={Physical Review Letters},
  volume={65},
  number={3},
  pages={353},
  year={1990},
  publisher={APS}
}

@article{blum2005using,
  title={Using genetic algorithms to map first-principles results to model Hamiltonians: Application to the generalized Ising model for alloys},
  author={Blum, Volker and Hart, Gus LW and Walorski, Michael J and Zunger, Alex},
  journal={Physical Review B},
  volume={72},
  number={16},
  pages={165113},
  year={2005},
  publisher={APS}
}

@article{nelson2013compressive,
  title={Compressive sensing as a paradigm for building physics models},
  author={Nelson, Lance J and Hart, Gus LW and Zhou, Fei and Ozoli{\c{n}}{\v{s}}, Vidvuds and others},
  journal={Physical Review B},
  volume={87},
  number={3},
  pages={035125},
  year={2013},
  publisher={APS}
}

@article{vanderwalleATAT,
  title={The alloy theoretic automated toolkit: A user guide},
  author={Van de Walle, A and Asta, M and Ceder, G},
  journal={Calphad},
  volume={26},
  number={4},
  pages={539--553},
  year={2002},
  publisher={Elsevier}
}

@article{connolly1983density,
  title={Density-functional theory applied to phase transformations in transition-metal alloys},
  author={Connolly, JWD and Williams, AR},
  journal={Physical Review B},
  volume={27},
  number={8},
  pages={5169},
  year={1983},
  publisher={APS}
}

@article{vasp2,
  title={Efficiency of ab-initio total energy calculations for metals and semiconductors using a plane-wave basis set},
  author={Kresse, Georg and Furthm{\"u}ller, J{\"u}rgen},
  journal={Computational Materials Science},
  volume={6},
  number={1},
  pages={15--50},
  year={1996},
  publisher={Elsevier}
}

@article{GGA,
  title={Accurate and simple analytic representation of the electron-gas correlation energy},
  author={Perdew, John P and Wang, Yue},
  journal={Physical Review B},
  volume={45},
  number={23},
  pages={13244},
  year={1992},
  publisher={APS}
}

@article{perdew1996generalized,
  title={Generalized gradient approximation made simple},
  author={Perdew, John P and Burke, Kieron and Ernzerhof, Matthias},
  journal={Physical Review Letters},
  volume={77},
  number={18},
  pages={3865},
  year={1996},
  publisher={APS}
}

@article{perdew1997generalized,
  title = {Generalized Gradient Approximation Made Simple},
  author = {Perdew, John P. and Burke, Kieron and Ernzerhof, Matthias},
  journal = {Physical Review Letters},
  volume = {78},
  issue = {7},
  pages = {1396--1396},
  numpages = {0},
  year = {1997},
  month = {Feb},
  publisher = {American Physical Society}
}

@article{PAW,
  title={Projector augmented-wave method},
  author={Bl{\"o}chl, Peter E},
  journal={Physical Review B},
  volume={50},
  number={24},
  pages={17953},
  year={1994},
  publisher={APS}
}

@article{monkpack,
  title={Special points for Brillouin-zone integrations},
  author={Monkhorst, Hendrik J and Pack, James D},
  journal={Physical Review B},
  volume={13},
  number={12},
  pages={5188},
  year={1976},
  publisher={APS}
}

@article{smearing,
  title={High-precision sampling for Brillouin-zone integration in metals},
  author={Methfessel, MPAT and Paxton, AT},
  journal={Physical Review B},
  volume={40},
  number={6},
  pages={3616},
  year={1989},
  publisher={APS}
}

@article{tetramethod,
  title={Improved tetrahedron method for Brillouin-zone integrations},
  author={Bl{\"o}chl, Peter E and Jepsen, Ove and Andersen, Ole Krogh},
  journal={Physical Review B},
  volume={49},
  number={23},
  pages={16223},
  year={1994},
  publisher={APS}
}

@article{van2002automating,
  title={Automating first-principles phase diagram calculations},
  author={van de Walle, Axel and Ceder, Gerbrand},
  journal={Journal of Phase Equilibria},
  volume={23},
  number={4},
  pages={348--359},
  year={2002},
  publisher={Springer}
}

@book{mizutani2010hume,
  title={Hume-Rothery rules for structurally complex alloy phases},
  author={Mizutani, Uichiro},
  year={2010},
  publisher={CRC Press}
}

@article{hume1934freezing,
title = {The Freezing Points, Melting Points, and Solid Solubility Limits of the Alloys of Silver, and Copper with the Elements of the B Sub-Groups},
author = {William Hume-Rothery, Gilbert W. Mabbott, K. M. Channel Evans},
journal = {Philosophical Transactions of the Royal Society of London. Series A, Containing Papers of a Mathematical or Physical Character},
pages = {1-97},
publisher = {The Royal Society},
volume = {233},
year = {1934}
}


@article{waber1965orbital,
  title={Orbital radii of atoms and ions},
  author={Waber, JT and Cromer, Don T},
  journal={The Journal of Chemical Physics},
  volume={42},
  number={12},
  pages={4116--4123},
  year={1965},
  publisher={AIP Publishing}
}

@article{zunger1980systematization,
  title={Systematization of the stable crystal structure of all AB-type binary compounds: A pseudopotential orbital-radii approach},
  author={Zunger, Alex},
  journal={Physical Review B},
  volume={22},
  number={12},
  pages={5839},
  year={1980},
  publisher={APS}
}

@article{bloch1972structural,
  title={Structural index for elemental solids},
  author={Bloch, Aaron N and Simons, Gary},
  journal={Journal of the American Chemical Society},
  volume={94},
  number={24},
  pages={8611--8613},
  year={1972},
  publisher={ACS Publications}
}

@article{pauling1932nature,
  title={The nature of the chemical bond. IV. The energy of single bonds and the relative electronegativity of atoms},
  author={Pauling, Linus},
  journal={Journal of the American Chemical Society},
  volume={54},
  number={9},
  pages={3570--3582},
  year={1932},
  publisher={ACS Publications}
}

@article{chelikowsky1978quantum,
  title={Quantum-defect theory of heats of formation and structural transition energies of liquid and solid simple metal alloys and compounds},
  author={Chelikowsky, JR and Phillips, JC},
  journal={Physical Review B},
  volume={17},
  number={6},
  pages={2453},
  year={1978},
  publisher={APS}
}

@article{balachandran2016adaptive,
  title={Adaptive Strategies for Materials Design using Uncertainties},
  author={Balachandran, Prasanna V and Xue, Dezhen and Theiler, James and Hogden, John and Lookman, Turab},
  journal={Scientific Reports},
  volume={6},
  pages={19660},
  year={2016},
  publisher={Nature Publishing Group}
}

@inproceedings{yeh2014combustion,
  title={Combustion Synthesis of (Ti, V) 2AlC Solid Solutions},
  author={Yeh, Chun Liang and Yang, Wen Jung},
  booktitle={Advanced Materials Research},
  volume={909},
  pages={19--23},
  year={2014},
  organization={Trans Tech Publ}
}

@article{barsoum2002thermal,
  title={Thermal and electrical properties of {Nb$_2$AlC,(Ti,Nb)$_2$AlC} and {Ti$_2$AlC}},
  author={Barsoum, MW and Salama, I and El-Raghy, T and Golczewski, J and Seifert, HJ and Aldinger, F and Porter, WD and Wang, H},
  journal={Metallurgical and Materials Transactions A},
  volume={33},
  number={9},
  pages={2775--2779},
  year={2002},
  publisher={Springer}
}

@article{horlait2016attempts,
author = {Denis Horlait and Salvatore Grasso and Alexander Chroneos and William E. Lee},
title = {Attempts to synthesise quaternary MAX phases (Zr,M)2AlC and Zr2(Al,A)C as a way to approach Zr2AlC},
journal = {Materials Research Letters},
volume = {4},
number = {3},
pages = {137-144},
year = {2016}
}


@article{kirklin2013high,
  title={High-Throughput Computational Screening of New Li-Ion Battery Anode Materials},
  author={Kirklin, Scott and Meredig, Bryce and Wolverton, Chris},
  journal={Advanced Energy Materials},
  volume={3},
  number={2},
  pages={252--262},
  year={2013},
  publisher={Wiley Online Library}
}

@article{r2007first,
  title={First-Principles Determination of Multicomponent Hydride Phase Diagrams: Application to the Li-Mg-N-H System},
  author={R Akbarzadeh, A and Ozoli{\c{n}}{\v{s}}, V and Wolverton, Christopher},
  journal={Advanced Materials},
  volume={19},
  number={20},
  pages={3233--3239},
  year={2007},
  publisher={Wiley Online Library}
}







