@Article{ barsoum2000a,
	title = "The {M$_{N+ 1}$AX$_N$} phases: A new class of solids: Thermodynamically stable nanolaminates",
	author = "M.W. Barsoum",
	journal = "Prog. Solid State Chem.",
	volume = "28",
	number = "1-4",
	pages = "201--281",
	year = "2000",
	publisher = "Oxford; New York: Pergamon Press, 1964-"
}

@Article{ barsoum2000b,
	title = "The MAX phases: unique new carbide and nitride materials",
	author = "M.W. Barsoum and T. El-Raghy",
	journal = "Am. Sci.",
	volume = "89",
	pages = "336--345",
	year = "2000",
}

@Article{ barsoum2004,
	title = "Mechanical properties of the {MAX} phases, Encyclopedia of Materials: Science and Technology",
	author = "MW Barsoum and M. Radovic",
	journal = "Mechanical properties of the MAX phases, Encyclopedia of Materials: Science and Technology",
	year = "2004",
	publisher = "Elsevier"
}

@Article{ barsoum1997,
	title = "Layered machinable ceramics for high temperature applications",
	author = "M.W. Barsoum and D. Brodkin and T. El-Raghy",
	journal = "Scripta Mater.",
	volume = "36",
	number = "5",
	year = "1997"
}

@Article{ barsoum2006a,
	title = "Incipient and regular kink bands in fully dense and 10 vol.\% porous {Ti$_2$AlC}",
	author = "AG Zhou and MW Barsoum and S. Basu and SR Kalidindi and T. El-Raghy",
	journal = "Acta Mater.",
	volume = "54",
	number = "6",
	pages = "1631--1639",
	year = "2006",
	publisher = "Elsevier"
}

@Article{ barsoum2006c,
	title = "X-ray high-pressure study of {Ti$_2$AlN} and {Ti$_2$AlC}",
	author = "B. Manoun and FX Zhang and SK Saxena and T. El-Raghy and MW Barsoum",
	journal = "J. Phys. Chem. Solids",
	volume = "67",
	number = "9-10",
	pages = "2091--2094",
	year = "2006",
	publisher = "Elsevier"
}

@Article{ barsoudm2006d,
	title = "Corrosion Behavior of {TiGeC} and {TiAlN} in 1{M NaOH}",
	author = "VD Jovic and MW Barsoum and BM Jovic and A. Ganguly and T. El-Raghy",
	journal = "J. Electrochem. Soc.",
	volume = "153",
	pages = "B238--B243",
	year = "2006"
}

@Article{ barsoum2007,
	title = "Interdiffusion Between {Ti$_3$SiC$_2$--Ti$_3$GeC$_2$} and {Ti$_2$AlC--Nb$_2$AlC} Diffusion Couples",
	author = "A. Ganguly and M.W. Barsoum and R.D. Doherty",
	journal = "Journal of the American Ceramic Society",
	volume = "90",
	number = "7",
	pages = "2200--2204",
	year = "2007",
	publisher = "Wiley Online Library"
}

@Article{ barsoum2008,
	title = "Dielectric properties of {Ti$_2$AlC} and {Ti$_2$AlN MAX} phases: The conductivity anisotropy",
	author = "N. Haddad and E. Garcia-Caurel and L. Hultman and M.W. Barsoum and G. Hug",
	journal = "J. Appl. Phys.",
	volume = "104",
	number = "2",
	pages = "023531--023531",
	year = "2008",
	publisher = "AIP"
}

@Article{ barsoum2010,
	title = "Kinking nonlinear elastic deformation of {Ti$_3$AlC$_2$, Ti$_2$AlC, Ti$_3$Al(C$_{0.5}$, N$_{0.5}$)$_2$ and Ti$_2$Al(C$_{0.5}$, N$_{0.5}$)}",
	author = "AG Zhou and MW Barsoum",
	journal = "J. Alloys Compnd.",
	volume = "498",
	number = "1",
	pages = "62--70",
	year = "2010",
	publisher = "Elsevier"
}

@Article{ barsoum2011,
	title = "Temperature-Dependent Crystal Structures of {Ti$_2$AlN} and {Cr$_2$GeC} as Determined from High Temperature Neutron Diffraction",
	author = "N.J. Lane and S.C. Vogel and M.W. Barsoum",
	journal = "J. Amer. Ceram. Soc.",
	year = "2011",
	publisher = "Wiley Online Library"
}

@Article{ ivanovskii,
	title = "Electronic structure and bonding configuration of theH-Phases {Ti$_2$MC and Ti$_2$MN (M = Al, Ga, In)}",
	author = "AL Ivanovskii and RF Sabiryanov and AN Skazkin and VM Zhukovskii and GP Shveikin",
	journal = "Inorg. Mater.",
	volume = "36",
	number = "1",
	pages = "28--31",
	year = "2000",
	publisher = "Springer"
}

@Article{ bouhemadoub,
	title = "Structural, electronic and elastic properties of MAX phases {M$_2$GaN (M = Ti, V and Cr)}",
	author = "A. Bouhemadou",
	journal = "Solid State Sci.",
	volume = "11",
	number = "11",
	pages = "1875--1881",
	year = "2009",
	publisher = "Elsevier"
}

@Article{ liu,
	title = "Theoretical investigation of A-element atom diffusion in {Ti$_2$AC (A = Sn, Ga, Cd, In, and Pb)}",
	author = "B. Liu and JY Wang and J. Zhang and JM Wang and FZ Li and YC Zhou",
	journal = "Appl. Phys. Lett.",
	volume = "94",
	number = "18",
	pages = "181906--181906",
	year = "2009",
	publisher = "AIP"
}

@Article{ etzkorna,
	title = "{Ti$_2$GaC, Ti$_4$GaC$_3$ and Cr$_2$GaC--Synthesis, crystal growth and structure analysis of Ga-containing MAX-phases M$_{n+ 1}$GaC$_n$ with M = Ti, Cr and n = 1, 3}",
	author = "J. Etzkorn and M. Ade and D. Kotzott and M. Kleczek and H. Hillebrecht",
	journal = "J. Solid State Chem.",
	volume = "182",
	number = "5",
	pages = "995--1002",
	year = "2009",
	publisher = "Elsevier"
}

@Article{ barsoum2010b,
	title = "{Bulk moduli of Cr$_2$GaC and Ti$_2$GaN up to 50 GPa}",
	author = "B. Manoun and S. Kulkarni and N. Pathak and SK Saxena and S. Amini and MW Barsoum",
	journal = "J. Alloys Compnd.",
	volume = "505",
	number = "1",
	pages = "328--331",
	year = "2010",
	publisher = "Elsevier BV"
}

@Article{ dua,
	title = "{Theoretical investigations on the elastic and thermodynamic properties of Ti$_2$AlC$_{0.5}$N$_{0.5}$ solid solution}",
	author = "YL Du and ZM Sun and H. Hashimoto and MW Barsoum",
	journal = "Phys. Lett. A",
	volume = "374",
	number = "1",
	pages = "78--82",
	year = "2009",
	publisher = "Elsevier"
}

@Article{ dub,
	title = "{First-Principles Study on Thermodynamic Properties of Ti$_2$AlC and Ti$_2$SC}",
	author = "YL Du and ZM Sun and H. Hashimoto and WB Tian",
	journal = "Mater. Trans.",
	volume = "50",
	number = "9",
	pages = "2173--2176",
	year = "2009",
	publisher = "Japan Institute of Metals"
}

@Article{ djedid,
	title = "{Theoretical investigations of structural, electronic and thermal properties of Ti$_2$AlX (X = C, N)}",
	author = "A. Djedid and S. M{\'e}\c{c}abih and O. Abbes and B. Abbar",
	journal = "Phys B: Cond. Matter",
	volume = "404",
	number = "20",
	pages = "3475--3482",
	year = "2009",
	publisher = "Elsevier"
}

@Article{ barsoum2002,
	title = "{Thermal and Electrical Properties of Nb$_2$AlC, (Ti, Nb)$_2$AlC and Ti$_2$AlC}",
	author = "MW Barsoum and I. Salama and T. El-Raghy and J. Golczewski and HJ Seifert and F. Aldinger and WD Porter and H. Wang",
	journal = "Metall. Mater. Trans. A",
	volume = "33",
	number = "9",
	pages = "2775--2779",
	year = "2002",
	publisher = "Springer"
}

@Article{ drulis,
	title = "{On the low temperature heat capacities of Ti$_2$AlN and Ti$_2$Al(N$_{0.5}$C$_{0.5}$)}",
	author = "M.K. Drulis and H. Drulis and AE Hackemer and A. Ganguly and T. El-Raghy and MW Barsoum",
	journal = "J. Alloys Compnd.",
	volume = "433",
	number = "1-2",
	pages = "59--62",
	year = "2007",
	publisher = "Elsevier"
}

@Article{ scabarozia,
	title = "{Electronic and thermal properties of Ti$_3$Al(C$_{0.5}$, N$_{0.5}$)$_2$, Ti$_2$Al(C$_{0.5}$, N$_{0.5}$) and Ti$_2$AlN}",
	author = "T. Scabarozi and A. Ganguly and JD Hettinger and SE Lofland and S. Amini and P. Finkel and T. El-Raghy and MW Barsoum",
	journal = "J. Appl. Phys.",
	volume = "104",
	number = "7",
	pages = "073713--073713",
	year = "2008",
	publisher = "AIP"
}

@Article{ scabarozib,
	title = "{Electrical, thermal, and elastic properties of the MAX-phase Ti$_2$SC}",
	author = "TH Scabarozi and S. Amini and P. Finkel and OD Leaffer and JE Spanier and MW Barsoum and M. Drulis and H. Drulis and WM Tambussi and JD Hettinger and others",
	journal = "J. Appl. Phys.",
	volume = "104",
	number = "3",
	pages = "033502--033502",
	year = "2008",
	publisher = "AIP"
}

@Article{ togo,
	title = "{First-principles phonon calculations of thermal expansion in Ti$_3$SiC$_2$, Ti$_3$AlC$_2$, and Ti$_3$GeC$_2$}",
	author = "A. Togo and L. Chaput and I. Tanaka and G. Hug",
	journal = "Phys. Rev. B",
	volume = "81",
	number = "17",
	pages = "174301",
	year = "2010",
	publisher = "APS"
}

@Article{ vanderwalle,
	title = "The effect of lattice vibrations on substitutional alloy thermodynamics",
	author = "A. {Van De Walle} and G. Ceder",
	journal = "Rev. Modern Phys.",
	volume = "74",
	number = "1",
	pages = "11",
	year = "2002",
	publisher = "APS"
}

@Article{ vanderwalleATAT,
	title = "The alloy theoretic automated toolkit: A user guide",
	author = "A. {Van de Walle} and M. Asta and G. Ceder",
	journal = "Calphad",
	volume = "26",
	number = "4",
	pages = "539--553",
	year = "2002",
	publisher = "Elsevier"
}

@Article{ asta,
	title = "{Structural, vibrational, and thermodynamic properties of Al-Sc alloys and intermetallic compounds}",
	author = "M. Asta and V. Ozoli{\c{n}}\v{s}",
	journal = "Phys. Rev. B",
	volume = "64",
	number = "9",
	pages = "094104",
	year = "2001",
	publisher = "APS"
}

@Article{ arroyavea,
	title = "{Ab initio thermodynamic properties of stoichiometric phases in the Ni-Al system}",
	author = "R. Arroyave and D. Shin and Z.K. Liu",
	journal = "Acta Mater.",
	volume = "53",
	number = "6",
	pages = "1809--1819",
	year = "2005",
	publisher = "Elsevier"
}

@Article{ arroyaveb,
	title = "{Finite-temperature thermodynamic and vibrational properties of Al-Ni-Y compounds via first-principles calculations}",
	author = "WJ Golumbfskie and R. Arroyave and D. Shin and Z.K. Liu",
	journal = "Acta Mater.",
	volume = "54",
	number = "8",
	pages = "2291--2304",
	year = "2006",
	publisher = "Elsevier"
}

@Book{ seddon,
	title = "Thermodynamics and statistical mechanics",
	author = "J.M. Seddon and J.D. Gale",
	volume = "10",
	year = "2001",
	publisher = "Royal Society of Chemistry"
}

@Book{ mcquarrie,
	title = "Statistical Mechanics",
	author = "D.A. McQuarrie",
	year = "2000",
	publisher = "University Science Books"
}

@Book{ hill,
	title = "An Introduction to Statistical Mechanics",
	author = "T.L. Hill",
	year = "1987",
	publisher = "Dover Publications"
}

@Article{ barsoum2006b,
	title = "{On the elastic properties and mechanical damping of Ti$_3$SiC$_2$, Ti$_3$GeC$_2$, Ti$_3$Si$_{0.5}$Al$_{0.5}$C$_2$ and Ti$_2$AlC in the 300-1573 K temperature range}",
	author = "M. Radovic and MW Barsoum and A. Ganguly and T. Zhen and P. Finkel and SR Kalidindi and E. Lara-Curzio",
	journal = "Acta Mater.",
	volume = "54",
	number = "10",
	pages = "2757--2767",
	year = "2006",
	publisher = "Elsevier"
}

@Article{ barsoum2009,
	title = "Processing, microstructural characterization and mechanical properties of a Ti$_2$AlC nanocrystalline Mg-matrix composite",
	author = "S. Amini and C. Ni and M.W. Barsoum",
	journal = "Composites Sci. Tech.",
	volume = "69",
	number = "3-4",
	pages = "414--420",
	year = "2009",
	publisher = "Elsevier"
}

@Article{ bouhemadoua,
	title = "{Prediction study of structural and elastic properties under the pressure effect of M$_2$GaC (M = Ti, V, Nb, Ta)}",
	author = "A. Bouhemadou and R. Khenata",
	journal = "Journal of Applied Physics",
	volume = "102",
	number = "4",
	pages = "043528--043528",
	year = "2007",
	publisher = "AIP"
}

@Article{ wei,
	title = "Ab initio calculation of force constants and full phonon dispersions",
	author = "S. Wei and MY Chou",
	journal = "Phys. Rev. Lett.",
	volume = "69",
	number = "19",
	pages = "2799--2802",
	year = "1992",
	publisher = "APS"
}

@Article{ mounet,
	title = "First-principles determination of the structural, vibrational and thermodynamic properties of diamond, graphite, and derivatives",
	author = "N. Mounet and N. Marzari",
	journal = "Phys. Rev. B",
	volume = "71",
	number = "20",
	pages = "205214",
	year = "2005",
	publisher = "APS"
}

@Article{ grimme,
	title = "Semiempirical {GGA}-type density functional constructed with a long-range dispersion correction",
	author = "S. Grimme",
	journal = "J. Comp. Chem.",
	volume = "27",
	number = "15",
	pages = "1787--1799",
	year = "2006",
	publisher = "Wiley Online Library"
}

@Article{ bucko,
	title = "{Improved Description of the Structure of Molecular and Layered Crystals: Ab Initio DFT Calculations with van der Waals Corrections}",
	author = "T. Bu\v{c}ko and J. Hafner and S. Lebegue and J.G. Angy{\'a}n",
	journal = "J. Phys. Chem. A",
	year = "2010",
	publisher = "ACS Publications",
	pages = "11814--11824",
	volume = "114"
}

@Article{ ganeshab,
	title = "{Elastic constants of binary Mg compounds from first-principles calculations}",
	author = "S. Ganeshan and SL Shang and H. Zhang and Y. Wang and M. Mantina and ZK Liu",
	journal = "Intermetallics",
	volume = "17",
	number = "5",
	pages = "313--318",
	year = "2009",
	publisher = "Elsevier"
}

@Article{ ganeshaa,
	title = "{Effect of alloying elements on the elastic properties of Mg from first-principles calculations}",
	author = "S. Ganeshan and SL Shang and Y. Wang and Z.K. Liu",
	journal = "Acta Mater.",
	volume = "57",
	number = "13",
	pages = "3876--3884",
	year = "2009",
	publisher = "Elsevier"
}

@Article{ kim,
	title = "{Effects of alloying elements on elastic properties of Ni by first-principles calculations}",
	author = "D.E. Kim and S.L. Shang and Z.K. Liu",
	journal = "Comp. Mater. Sci.",
	volume = "47",
	number = "1",
	pages = "254--260",
	year = "2009",
	publisher = "Elsevier"
}

@Article{ lepage,
	title = "Symmetry-general least-squares extraction of elastic data for strained materials from ab initio calculations of stress",
	author = "Y. {Le Page} and P. Saxe",
	journal = "Phys. Rev. B",
	volume = "65",
	number = "10",
	pages = "104104",
	year = "2002",
	publisher = "APS"
}

@Article{ shanga,
	title = "{Elastic properties of cubic and rhombohedral BiFeO$_3$ from first-principles calculations}",
	author = "SL Shang and G. Sheng and Y. Wang and LQ Chen and ZK Liu",
	journal = "Phys. Rev. B",
	volume = "80",
	number = "5",
	pages = "052102",
	year = "2009",
	publisher = "APS"
}

@Article{ shangb,
	title = "{First-principles elastic constants of $\alpha$-and $\theta$-Al$_2$O$_3$}",
	author = "S. Shang and Y. Wang and Z.K. Liu",
	journal = "Appl. Phys. Lett.",
	volume = "90",
	number = "10",
	pages = "101909--101909",
	year = "2007",
	publisher = "AIP"
}

@Article{ zhang,
	title = "{Effect of substrate-induced strains on the spontaneous polarization of epitaxial BiFeO$_3$ thin films}",
	author = "JX Zhang and YL Li and Y. Wang and ZK Liu and LQ Chen and YH Chu and F. Zavaliche and R. Ramesh",
	journal = "J. Appl. Phys.",
	volume = "101",
	number = "11",
	pages = "114105--114105",
	year = "2007",
	publisher = "AIP"
}

@Article{ barsoum2005,
	title = "{Electrical transport, thermal transport, and elastic properties of M$_2$AlC (M = Ti, Cr, Nb, and V)}",
	author = "JD Hettinger and SE Lofland and P. Finkel and T. Meehan and J. Palma and K. Harrell and S. Gupta and A. Ganguly and T. El-Raghy and MW Barsoum",
	journal = "Physical Review B",
	volume = "72",
	number = "11",
	pages = "115120",
	year = "2005",
	publisher = "APS"
}

@Article{ lin,
	title = "{Synthesis and microstructure of layered-ternary Ti$_2$AlN ceramic}",
	author = "ZJ Lin and MJ Zhuo and MS Li and JY Wang and YC Zhou",
	journal = "Scripta Mater.",
	volume = "56",
	number = "12",
	pages = "1115--1118",
	year = "2007",
	publisher = "Elsevier"
}

@Article{ cover,
	title = "{Elastic properties of Ti$_{n+1}$AlC$_n$ and Ti$_{n+1}$AlN$_n$ MAX phases}",
	author = "M.F. Cover and O. Warschkow and M.M.M. Bilek and D.R. McKenzie",
	journal = "Adv. Eng. Mater.",
	volume = "10",
	number = "10",
	pages = "935--938",
	year = "2008",
	publisher = "Wiley Online Library"
}

@Book{ voigt,
	title = "Lehrbuch der kristallphysik",
	author = "W. Voigt",
	year = "1928",
	publisher = "BG Teubner",
	address = "Berlin"
}

@Article{reuss,
	title = "{Berechnung der Flie$\beta$grenze von Mischkristallen auf Grund der Plastizit{\"a}tsbedingung f{\"u}r Einkristalle}",
	author = "A. Reuss and Z. Angew",
	journal = "Math. Mech.",
	volume = "9",
	pages = "49--58",
	year = "1929"
}

@Article{ lofland,
	title = "{Elastic and electronic properties of select MAX phases}",
	author = "SE Lofland and JD Hettinger and K. Harrell and P. Finkel and S. Gupta and MW Barsoum and G. Hug",
	journal = "Appl. Phys. Lett.",
	volume = "84",
	pages = "508--510",
	year = "2004"
}

@Article{ barsoumcp,
	title = "{Thermal and Electrical Properties of Nb$_2$AlC, (Ti, Nb)$_2$AlC and Ti$_2$AlC}",
	author = "MW Barsoum and I. Salama and T. El-Raghy and J. Golczewski and HJ Seifert and F. Aldinger and WD Porter and H. Wang",
	journal = "Metall. Mater. Trans. A",
	volume = "33",
	number = "9",
	pages = "2775--2779",
	year = "2002",
	publisher = "Springer"
}

@Article{ barsoum2000b,
	title = "{Processing and Characterization of Ti$_2$AlC, Ti$_2$AlN, and Ti$_2$AlC$_{0.5}$N$_{0.5}$}",
	author = "MW Barsoum and T. El-Raghy and M. Ali",
	journal = "Met. Mater. Trans. A",
	volume = "31",
	number = "7",
	pages = "1857--1865",
	year = "2000",
	publisher = "Springer"
}

@Article{ cheng,
	author = "Y. Cheng and M. Chu and L. Wang and X. Bao and Y. Lin and J. Shen",
	journal = "Phys. Statis Solidi A",
	volume = "208",
	year = "2011"
}

@Article{ ra-kohnsham,
	title = "Self-Consistent Equations Including Exchange and Correlation Effects",
	author = "W. Kohn and L.J Sham",
	journal = "Phys. Rev.",
	pages = "A1133--A1138",
	volume = "140",
	year = "1965"
}

@Article{ ra-vasp,
	title = "Efficient iterative schemes for ab initio total-energy calculations using a plane-wave basis set",
	author = {G Kresse and J Furthm{\"u}ller},
	journal = "Phys. Rev. B",
	pages = "11169--11186",
	volume = "54",
	year = "1996"
}

@Article{ ra-vasp2,
	title = "Efficiency of ab-initio total energy calculations for metals and semiconductors using a plane-wave basis set ",
	author = {G Kresse and J Furthm{\"u}ller},
	journal = "Comput. Mater. Sci",
	pages = "15--50",
	volume = "6",
	year = "1996"
}

@article{kresse1996software,
  title={Software VASP, vienna (1999)},
  author={Kresse, G and Furthm{\"u}ller, J},
  journal={Phys. Rev. B},
  volume={54},
  number={11},
  pages={169},
  year={1996}
}

@Article{ ra-LDA,
	title = "Self-interaction correction to density-functional approximations for many-electron systems",
	author = "J.P Perdew and A. Zunger",
	journal = "Phys. Rev. B",
	pages = "5048--5079",
	volume = "23",
	year = "1981"
}

@Article{ ra-GGA,
	title = "Accurate and simple analytic representation of the electron-gas correlation energy ",
	author = "J.P Perdew and Y Wang",
	journal = "Phys. Rev. B",
	pages = "13244--13249",
	volume = "45",
	year = "1992"
}

@Article{ ra-PAW,
	title = "Projector augmented-wave method",
	author = {P. E. Bl{\"o}chl},
	journal = "Phys. rev. B",
	pages = "17953--17979",
	volume = "50",
	number = "24",
	year = "1994"
}

@Article{ ra-smering,
	title = "High-precision sampling for Brillouin-zone integration in metals",
	author = "M. Methfessel and A.T. Paxton",
	journal = "Phys. Rev. B",
	pages = "3616--3621",
	volume = "40",
	year = "1989"
}

@Article{ ra-monkpack,
	title = "Special points for Brillouin-zone integrations",
	author = "Monkhorst H.J and Pack J.D",
	journal = "Phys. Rev. B",
	pages = "5188--5192",
	volume = "13",
	year = "1976"
}

@Article{ ra-tetramethod,
	title = "Improved tetrahedron method for Brillouin-zone integrations",
	author = {P.E. Bl{\"o}chl and O. Jepsen and O.K. Andersen},
	journal = "Phys. Rev. B",
	pages = "16223--16233",
	volume = "49",
	year = "1994"
}

@Article{ savin1997elf,
	title = "{ELF: The electron localization function}",
	author = {A. Savin and R. Nesper and S. Wengert and T.F. F{\"a}ssler},
	journal = "Ang. Chem. Inter. (English)",
	volume = "36",
	number = "17",
	pages = "1808--1832",
	year = "1997",
	publisher = "Wiley Online Library"
}

@Article{ kohout2002electron,
	title = "Electron localization function for transition-metal compounds",
	author = "M. Kohout and F.R. Wagner and Y. Grin",
	journal = "Theoret. Chim. Acta",
	volume = "108",
	number = "3",
	pages = "150--156",
	year = "2002",
	publisher = "Springer"
}

@Article{ tang2009grid,
	title = "A grid-based Bader analysis algorithm without lattice bias",
	author = "W. Tang and E. Sanville and G. Henkelman",
	journal = "J. Phys.: Condens Mat",
	volume = "21",
	pages = "084204",
	year = "2009",
	publisher = "IOP Publishing"
}

@Article{ henkelman2006fast,
	title = "A fast and robust algorithm for Bader decomposition of charge density",
	author = "G. Henkelman and A. Arnaldsson and H. J{\'o}nsson",
	journal = "Comp. Mater. Sci.",
	volume = "36",
	number = "3",
	pages = "354--360",
	year = "2006",
	publisher = "Elsevier"
}

@Article{ sanville2007improved,
	title = "Improved grid-based algorithm for Bader charge allocation",
	author = "E. Sanville and S.D. Kenny and R. Smith and G. Henkelman",
	journal = "J. Comp. Chem.",
	volume = "28",
	number = "5",
	pages = "899--908",
	year = "2007",
	publisher = "Wiley Online Library"
}

@Article{ barsoum2006d,
	title = "{Corrosion Behavior of TiGeC and TiAlN in 1 M NaOH}",
	author = "VD Jovic and MW Barsoum and BM Jovic and A. Ganguly and T. El-Raghy",
	journal = "J. Electrochem. Soc.",
	volume = "153",
	pages = "B238--B243",
	year = "2006"
}

@Article{ momma2008vesta,
	title = "{VESTA: a three-dimensional visualization system for electronic and structural analysis}",
	author = "K. Momma and F. Izumi",
	journal = "Journal of Applied Crystallography",
	volume = "41",
	number = "3",
	pages = "653--658",
	year = "2008",
	publisher = "International Union of Crystallography"
}

@Book{ ra-therviv,
	title = "Thermodynamics of Crystals",
	author = "D.C. Wallace and H. Callen",
	publisher = "Dover Publications, Mineola, New York",
	year = "1998"
}

@Article{ ra-stefano,
	title = "High-throughput electronic structure calculations: challenges and tools",
	author = "W. Setyawan and S. Curtarolo",
	journal = "Comp. Mater. Sci.",
	pages = "299--312",
	volume = "49",
	number = "",
	year = "2010"
}

@Article{ ra-atat2,
	title = "Multicomponent multisublattice alloys, nonconfigurational entropy and other additions to the Alloy Theoretic Automated Toolkit",
	author = "A. van de Walle",
	journal = "CALPHAD",
	pages = "266--278",
	volume = "33",
	year = "2009"
}

@Book{ lukas2007computational,
	title = "Computational Thermodynamics: the Calphad Method",
	author = "H. Lukas and S.G. Fries and B. Sundman",
	year = "2007",
	publisher = "Cambridge university press"
}

@Book{ saunders1998calphad,
	title = "CALPHAD (Calculation of Phase Diagrams): A Comprehensive Guide",
	author = "N. Saunders and A.P. Miodownik",
	year = "1998",
	publisher = "Pergamon"
}

@Article{ radovic2002,
	title = "Effect of Temperature, Strain Rate and Grain Size on the Mechanical Response of {Ti$_3$SiC$_2$} in Tension",
	author = "M. Radovic and M.W. Barsoum and T.E. Raghy and S. Wiederhorn and W.E. Luecke",
	journal = "Acta Mater.",
	volume = "50",
	pages = "1297--1306",
	year = "2002",
            publisher = "Elsevier"
}

@Article{ radovic2001,
	title = "Tensile Creep of Fine Grained (3-5$\mu m$) {Ti$_3$SiC$_2$} in the 1000-1200°C Temperature Range",
	author = "M. Radovic and M. W. Barsoum and T.E. Raghy and S. Wiederhorn",
	journal = "Acta Mater.",
	volume = "50",
	pages = "1297--1306",
	year = "2002",
            publisher = "Elsevier"
}

@Article{ radovic2006,
	title = "On the elastic properties and mechanical damping of {Ti$_3$SiC$_2$, Ti$_3$GeC$_2$,Ti$_3$Si$_{0.5}$Al$_{0.5}$C$_2$ and Ti$_2$AlC} in the 300--1573 K temperature range",
	author = "M. Radovic and M.W. Barsoum and A. Ganguly and T. Zhen and P. Finkel and S.R. Kalidindi and E. Lara-Curzio",
	journal = "Acta Mater.",
	volume = "54",
	pages = "2757--2767",
	year = "2006",
            publisher = "Elsevier"
}

@Article{ finkel,
	title = "Magnetotransport Properties of the Ternary Carbide {Ti$_3$SiC$_2$}:  Hall effect, magnetoresistance, and magnetic susceptibility",
	author = "P. Finkel and J.D. Hettinger and S.E. Lofland",
	journal = "Phys. Rev. B",
	volume = "65",
	pages = "65--69",
	year = "2001",
}

@Article{amini2008,
	title = "Synthesis and elastic mechanical properties of {Cr$_2$GeC}",
	author = "S. Amini and A. Zhou and S. Gupta and A. DeVillier and P. Finkel and M.W. Barsoum",
	journal = "J. Mater. Res.",
	volume = "23",
	pages = "2157--2165",
	year = "2008",
}






@Article{amini2007,
	title = "Synthesis and mechanical properties of fully dense {Ti$_2$SC}",
	author = "S. Amini and M. W. Barsoum and T.E. Raghy",
	journal = "J. Am. Ceram. Soc.",
	volume = "90",
	pages = "3953--3958",
	year = "2007",
}

@Article{ barsoum_radovic2011,
	title = "Elastic and Mechanical Properties of the MAX Phases",
	author = "M.W. Barsoum and M. Radovic",
	journal = "Annu. Rev. Mater. Res.",
            volume = "41",
            pages = "9.1--9.33"
	year = "2011",
}

@Article{ wang2010,
	title = "A ﬁrst-principles approach to ﬁnite temperature elastic constants",
	author = "Y. Wang and J.J. Wang and H. Zhang and V.R. Manga and S.L. Shang and L.Q. Chen and Z.K. Liu",
	journal = "J. Phys.: Condens. Matter",
	volume = "22",
	year = "2010",
}

@Book{ anderson_isaak,
	title = "Mineral Physics and Crystallography: A Handbook of Physical Constants",
	author = "O.L. Anderson and D.G. Isaak",
	year = "1995",
	publisher = "The American Geophysical Union"
}

@Article{ swenson1968,
	title = "Equation of state of cubic solids; some generalizations",
	author = "C.A. Swenson",
	journal = "J. Phys. Chem. Solids",
        volume = "29",
        pages = "1337--1348"
	year = "1968",
}

@Book{wasserman1990,
	title = "Handbook of Ferromagnetic Materials",
	author = "Edited by: K.H.J. Buschow and E.P. Wohlfarth",
	year = "1990",
	publisher = "Amsterdam: Elsevier Science"
}

@Article{ featherston1963,
	title = "Elastic Constants of Tantalum, Tungsten, and Molybdenum",
	author = "F.H. Featherston and J.R. Neighbours",
	journal = "Phys. Rev.",
        volume = "130",
        pages = "1324--1333"
	year = "1963",
}

@Article{ gerlich1969,
	title = "The high temperature elastic moduli of aluminum",
	author = "D. Gerlich and E.S. Fisher",
	journal = "J. Phys. Chem. Solids",
            volume = "30",
            pages = "1197--1205"
	year = "1969",
}

@Article{ kamm1964,
	title = "Low-Temperature Elastic Moduli of Aluminum",
	author = "G.N. Kamm and G.A. Alers",
	journal = "J. Appl. Phys.",
        volume = "35",
	year = "1964",
}

@Article{sutton1953,
	title = "The Variation of the Elastic Constants of Crystalline Aluminum with Temperature between 63°K and 773°K",
	author = "P.M. Sutton",
	journal = "Phys. Rev.",
        volume = "91",
        pages = "816--821"
	year = "1953",
}

@Article{walker1980,
	title = "Anomalous temperature behaviour of the shear elastic constant {$C_{44}$} in tantalum",
	author = "E. Walker and P. Bujard",
	journal = "Solid State Commun.",
        volume = "34",
        pages = "691--693"
	year = "1980",
}

@Article{alers1960,
	title = "Temperature dependent magnetic contributions to the high field elastic constants of nickel and an Fe-Ni alloy",
	author = "G.A. Alers and J.R. Neighbours and H. Sato",
	journal = "J. Phys. Chem. Solids",
        volume = "13",
        pages = "40--55"
	year = "1960",
}

@Article{chang1966,
	title = "Temperature Dependence of the Elastic Constants of Cu, Ag, and Au above Room Temperature",
	author = "Y.A. Chang and L. Himmel",
	journal = "J. Appl. Phys.",
        volume = "37",
	year = "1966",
}

@Article{dickinson1967,
	title = "Temperature Dependence of the Elastic Constants of Molybdenum",
	author = "J.M. Dickinson and P.E. Armstrong",
	journal = "J. Appl. Phys.",
        volume = "38",
	year = "1967",
}

@Article{overton1955,
	title = "Temperature Variation of the Elastic Constants of Cubic Elements. I. Copper",
	author = "W.C. Overton and Jr.  Gaffney and J. Gaffney ",
	journal = "Phys. Rev.",
        volume = "98",
        pages = "969--977"
	year = "1955",
}

@Article{prikhodko1999,
	title = "Temperature and composition dependence of the elastic constants of {Ni$_3$Al}",
	author = "S.V. Prikhodko and H. Yang and A.J. Ardell and J.D. Carnes and D. G. Isaak",
	journal = "Metall. Mater. Trans. A",
        volume = "30",
        pages = "2403--2408"
	year = "1999",
}

@Article{rusovic1977,
	title = "The elastic behaviour of $\beta2$-NiAl alloys",
	author = "N. Rusovi{\'c}, H. Warlimont",
	journal = "Phys. Status Solidi. a",
        volume = "44",
        pages = "609--619"
	year = "1977",
}

@Article{tanaka1996,
	title = "Single-crystal elastic constants of intermetallic compounds",
	author = "K. Tanaka and M. Koiwa",
	journal = "Intermetallics",
        volume = "4",
        pages = "S29--S39"
	year = "1996",
}

@Article{davies1974,
	title = "Effective elastic moduli under hydrostatic stress—I. quasi-harmonic theory",
	author = "G.F. Davies",
	journal = "J. Phys. Chem. Solids",
        volume = "35",
        pages = "1513-1520"
	year = "1974",
}

@Article{thien2011,
	title = "Ab-initio Aprroach to the Electronic, Structural, Elastic and Finite-temperature Thermodynamic Properties of {Ti$_2$AX (A = Al or Ga and X = C or N)}",
	author = "T. Duong and S. Gibbons and R. Kinra and R. Arroy{\'a}ve",
	journal = "J. Appl. Phys.",
        volume = "093504-1",
        pages = "093504-15"
	year = "2011",
}

@Article{hieu2011,
	title = "Finite-temperature elasticity of fcc Al: Atomistic simulations and ultrasonic measurements",
	author = "H.H. Pham and M.E. Williams and P. Mahaffey and M. Radovic and R. Arroy{\'a}ve and T. Cagin",
	journal = "Phys. Rev. B",
        volume = "84",
        pages = "064101"
	year = "2011",
}

@Article{cagin1988a,
	title = "Third-order elastic constants from molecular dynamics: Theory and an example calculation",
	author = "T. Cagin and J.R. Ray",
	journal = "Phys. Rev. B",
        volume = "38",
        pages = "7940--7946"
	year = "1988",
}

@Article{cagin1988b,
	title = "Elastic constants of sodium from molecular dynamics",
	author = "T. Cagin and J.R. Ray",
	journal = "Phys. Rev. B",
        volume = "37",
        pages = "699--705"
	year = "1988",
}

@Article{ dahlqvist2010phase,
	title = "Phase stability of Ti\_ $\{$2$\}$ AlC upon oxygen incorporation: A first-principles investigation",
	author = "M. Dahlqvist and B. Alling and I. A. Abrikosov and J. Ros{\'e}n",
	journal = "Phys. Rev. B",
	volume = "81",
	number = "2",
	pages = "024111",
	year = "2010",
	publisher = "APS"
}

@Article{ radovic2008elastic,
	title = "Elastic properties and phonon conductivities of Ti3Al (C0. 5, N0. 5) 2 and Ti2Al (C0. 5, N0. 5) solid solutions",
	author = "M. Radovic and A. Ganguly and M. W. Barsoum",
	journal = "J. Mater. Res.",
	volume = "23",
	number = "6",
	pages = "1517--1521",
	year = "2008",
	publisher = "Materials Research Society"
}

@Article{ manoun2007synthesis,
	title = "Synthesis and compressibility of Ti3 (Al, Sn0. 2) C2 and Ti3Al (C0. 5, N0. 5) 2",
	author = "B. Manoun and S. K. Saxena and G. Hug and A. Ganguly and E. N. Hoffman and M. W. Barsoum",
	journal = "J. Appl. Phys.",
	volume = "101",
	number = "11",
	pages = "113523--113523",
	year = "2007",
	publisher = "AIP"
}

@Article{ manoun2006x,
	title = "X-ray high-pressure study of Ti2AlN and Ti2AlC",
	author = "B. Manoun and F. X. Zhang and S. K. Saxena and T. El-Raghy and M. W. Barsoum",
	journal = "J. Phys. Chem. Solids",
	volume = "67",
	number = "9-10",
	pages = "2091--2094",
	year = "2006",
	publisher = "Elsevier"
}

@Article{ wang2008,
	title = "Ab initio study of polymorphism in layered ternary carbide M4AlC3 (M = V, Nb and Ta)",
	author = "J. Wang and J. Wang and Y. Zhou and Z. Lin and C. Hu",
	journal = "Script. Mater.",
	volume = "58",,
	pages = "1043--1046",
	year = "2008",
	publisher = "Elsevier"
}

@Article{ lane2011,
	title = "High-te mperature stabi lity of a -Ta4AlC3",
	author = "N.J. Lane and P. Eklund and J. Lu and C.B. Spencer and L. Hultman and M.W. Barsoum",
	journal = "J. Phys. Chem. Solids",
	volume = "67",
	number = "9-10",
	pages = "2091--2094",
	year = "2006",
	publisher = "Elsevier"
}

@Article{omori2003,
  	title={Shape memory effect associated with FCC-HCP martensitic transformation in Co-Al alloys},
  	author={Omori, T. and Sutou, Y. and Oikawa, K. and Kainuma, R. and Ishida, K.},
  	journal={Materials transactions-JIM},
  	volume={44},
  	number={12},
  	pages={2732--2735},
  	year={2003},
  	publisher={Japan Institute of Metals}
}
@Article{bain1924,
	title={The nature of martensite},
  	author={Bain, E.C.},
  	journal={Trans AIME Steel Div},
  	volume={70},
  	pages={25--46},
	year={1924}
}
@article{vasp, 
	title={Software VASP, Vienna (1999)},
 	author={Kresse, G. and Furthm{\"u}ller, J.},
  	journal={Phys. Rev. B},
  	volume={54},
  	number={11},
  	pages={169},
  	year={1996}
}

@inproceedings{koval2000high,
  	title={High temperature shape memory effect in some alloys and compounds},
  	author={Koval, Y.N.},
  	booktitle={Materials science forum},
  	volume={327},
  	pages={271--278},
  	year={2000},
  	organization={Trans Tech Publ}
}	

@book{nishiyama1978,
  title={Martensitic transformation},
  author={Nishiyama, Z. and Fine, M.E. and Meshii, M. and Wayman, C.M.},
  year={1978},
  publisher={Academic Press}
}

@article{wentzcovitch1991fcc,
  title={fcc-to-hcp transformation: A first-principles investigation},
  author={Wentzcovitch, R.M. and Lam, P.K.},
  journal={Physical Review B},
  volume={44},
  number={17},
  pages={9155},
  year={1991},
  publisher={APS}
}

@article{folkins1990configuration,
  title={Configuration-space approach to the fcc to hcp structural transition},
  author={Folkins, I. and Walker, MB},
  journal={Physical Review Letters},
  volume={65},
  number={1},
  pages={127--130},
  year={1990},
  publisher={APS}
}

@article{samanta2010modified,
  title={Modified string method for finding minimum energy path},
  author={Samanta, A. and others},
  journal={Arxiv preprint arXiv:1009.5612},
  year={2010}
}

@article{kroeger1977absolute,
  title={Absolute linear thermal-expansion measurements on copper and aluminum from 5 to 320 K},
  author={Kroeger, FR and Swenson, CA},
  journal={Journal of Applied Physics},
  volume={48},
  number={3},
  pages={853--864},
  year={1977},
  publisher={AIP}
}

@article{nix1941thermal,
  title={The thermal expansion of pure metals: copper, gold, aluminum, nickel, and iron},
  author={Nix, FC and MacNair, D.},
  journal={Physical Review},
  volume={60},
  number={8},
  pages={597},
  year={1941},
  publisher={APS}
}

@article{ackland2003first,
  title={First-principles thermodynamics of transition metals: W, NiAl, and PdTi},
  author={Ackland, G.J. and Huang, X. and Rabe, K.M.},
  journal={Physical Review B},
  volume={68},
  number={21},
  pages={214104},
  year={2003}
}

@article{dubrovinsky1997thermal,
  title={Thermal expansion of periclase (MgO) and tungsten (W) to melting temperatures},
  author={Dubrovinsky, LS and Saxena, SK},
  journal={Physics and chemistry of minerals},
  volume={24},
  number={8},
  pages={547--550},
  year={1997},
  publisher={Springer}
}

@article{guillermet1991analysis,
  title={Analysis of thermodynamic properties of molybdenum and tungsten at high temperatures},
  author={Guillermet, A.F. and Grimvall, G.},
  journal={Physical Review B},
  volume={44},
  number={9},
  pages={4332},
  year={1991},
  publisher={APS}
}

@article{featherston1963elastic,
  title={Elastic constants of tantalum, tungsten, and molybdenum},
  author={Featherston, F.H. and Neighbours, JR},
  journal={Physical Review},
  volume={130},
  number={4},
  pages={1324},
  year={1963},
  publisher={APS}
}

@article{gerlich1969high,
  title={The high temperature elastic moduli of aluminum},
  author={Gerlich, D. and Fisher, ES},
  journal={Journal of Physics and Chemistry of Solids},
  volume={30},
  number={5},
  pages={1197--1205},
  year={1969},
  publisher={Elsevier}
}

@article{kamm1964low,
  title={Low-Temperature Elastic Moduli of Aluminum},
  author={Kamm, GN and Alers, GA},
  journal={Journal of Applied Physics},
  volume={35},
  number={2},
  pages={327--330},
  year={1964},
  publisher={AIP}
}

@article{sutton1953variation,
  title={The variation of the elastic constants of crystalline aluminum with temperature between 63 K and 773 K},
  author={Sutton, P.M.},
  journal={Physical Review},
  volume={91},
  pages={816--821},
  year={1953}
}

@article{tallon1979temperature,
  title={Temperature dependence of the elastic constants of aluminum},
  author={Tallon, JL and Wolfenden, A.},
  journal={Journal of Physics and Chemistry of Solids},
  volume={40},
  number={11},
  pages={831--837},
  year={1979},
  publisher={Elsevier}
}

@article{arroyave2005ab,
  title={Ab initio thermodynamic properties of stoichiometric phases in the Ni--Al system},
  author={Arroyave, R. and Shin, D. and Liu, Z.K.},
  journal={Acta materialia},
  volume={53},
  number={6},
  pages={1809--1819},
  year={2005},
  publisher={Elsevier}
}

@article{cleri1993tight,
  title={Tight-binding potentials for transition metals and alloys},
  author={Cleri, F. and Rosato, V.},
  journal={Physical Review B},
  volume={48},
  number={1},
  pages={22},
  year={1993},
  publisher={APS}
}

@article{forsblom2005heat,
  title={Heat capacity of liquid Al: Molecular dynamics simulations},
  author={Forsblom, M. and Grimvall, G.},
  journal={Physical Review B},
  volume={72},
  number={13},
  pages={132204},
  year={2005},
  publisher={APS}
}

@article{forsblom2004anharmonic,
  title={Anharmonic effects in the heat capacity of Al},
  author={Forsblom, M. and Sandberg, N. and Grimvall, G.},
  journal={Physical Review B},
  volume={69},
  number={16},
  pages={165106},
  year={2004},
  publisher={APS}
}

@article{grabowski2009ab,
  title={Ab initio up to the melting point: Anharmonicity and vacancies in aluminum},
  author={Grabowski, B. and Ismer, L. and Hickel, T. and Neugebauer, J.},
  journal={Physical Review B},
  volume={79},
  number={13},
  pages={134106},
  year={2009},
  publisher={APS}
}

@article{kresch2008phonons,
  title={Phonons in aluminum at high temperatures studied by inelastic neutron scattering},
  author={Kresch, M. and Lucas, M. and Delaire, O. and Lin, JYY and Fultz, B.},
  journal={Physical Review B},
  volume={77},
  number={2},
  pages={024301},
  year={2008},
  publisher={APS}
}

@article{zoli1990thermodynamic,
  title={Thermodynamic properties of FCC metals: Cu and Al},
  author={Zoli, M. and Bortolani, V.},
  journal={Journal of Physics: Condensed Matter},
  volume={2},
  pages={525},
  year={1990},
  publisher={IOP Publishing}
}

@article{radovic2004comparison,
  title={Comparison of different experimental techniques for determination of elastic properties of solids},
  author={Radovic, M. and Lara-Curzio, E. and Riester, L.},
  journal={Materials Science and Engineering: A},
  volume={368},
  number={1},
  pages={56--70},
  year={2004},
  publisher={Elsevier}
}

@article{hohenberg1964inhomogeneous,
  title={Inhomogeneous electron gas},
  author={Hohenberg, P. and Kohn, W.},
  journal={Physical Review},
  volume={136},
  number={3B},
  pages={B864},
  year={1964},
  publisher={APS}
}

@article{kohn1996density,
  title={Density functional theory of electronic structure},
  author={Kohn, W. and Becke, A.D. and Parr, R.G.},
  journal={The Journal of Physical Chemistry},
  volume={100},
  number={31},
  pages={12974--12980},
  year={1996},
  publisher={ACS Publications}
}

@article{kohn1965self,
  title={Self-consistent equations including exchange and correlation effects},
  author={Kohn, W. and Sham, L.J. and others},
  journal={Phys. Rev},
  volume={140},
  number={4A},
  pages={A1133--A1138},
  year={1965},
  publisher={APS}
}

@article{radovic2004elastic,
  title={Elastic Properties of Nickel-Based Anodes for Solid Oxide Fuel Cells as a Function of the Fraction of Reduced NiO},
  author={Radovic, M. and Lara-Curzio, E.},
  journal={Journal of the American Ceramic Society},
  volume={87},
  number={12},
  pages={2242--2246},
  year={2004},
  publisher={Wiley Online Library}
}

@article{hill1952elastic,
  title={The elastic behaviour of a crystalline aggregate},
  author={Hill, R.},
  journal={Proceedings of the Physical Society. Section A},
  volume={65},
  pages={349},
  year={1952},
  publisher={IOP Publishing}
}

@article{chase1985janaf,
  title={Thermochemical tables,I, Al--Co. Ii, Cr--Zr.(Retroactive Coverage)},
  author={Chase Jr M, Davies C.Janaf},
  journal={Journal of Physical and Chemical Reference Data},
  volume={14},
  pages={1856},
  year={1985}
}

@article{toledano2001theory,
  title={Theory of the martensitic transformation in cobalt},
  author={Tol{\'e}dano, P. and Krexner, G. and Prem, M. and Weber, H.P. and Dmitriev, VP},
  journal={Physical Review B},
  volume={64},
  number={14},
  pages={144104},
  year={2001},
  publisher={APS}
}

@article{christian1951theory,
  title={A theory of the transformation in pure cobalt},
  author={Christian, JW},
  journal={Proceedings of the Royal Society of London. Series A. Mathematical and Physical Sciences},
  volume={206},
  number={1084},
  pages={51--64},
  year={1951},
  publisher={The Royal Society}
}

@article{basinski1953martensitic,
  title={The martensitic transformation in cobalt},
  author={Basinski, ZS and Christian, JW},
  journal={Philosophical Magazine},
  volume={44},
  number={354},
  pages={791--792},
  year={1953},
  publisher={Taylor \& Francis}
}

@article{bollmann1961phase,
  title={On the phase transformation of cobalt},
  author={Bollmann, W.},
  journal={Acta Metallurgica},
  volume={9},
  number={10},
  pages={972--975},
  year={1961},
  publisher={Elsevier}
}

@article{kibey2009,
  title={Energy landscape for martensitic phase transformation in shape memory NiTi},
  author={Kibey, S. and Sehitoglu, H. and Johnson, DD},
  journal={Acta Materialia},
  volume={57},
  number={5},
  pages={1624--1629},
  year={2009},
  publisher={Elsevier}
}

@article{Burgers1934,
title = {On the process of transition of the cubic-body-centered modification into the hexagonal-close-packed modification of zirconium},
journal = {Physica},
volume = {1},
number = {7â€“12},
pages = {561 - 586},
year = {1934},
issn = {0031-8914},
%doi = {10.1016/S0031-8914(34)80244-3},
%url = {http://www.sciencedirect.com/science/article/pii/S0031891434802443},
author = {W.G. Burgers}
}

@article{Perdew1992,
  title = {Accurate and simple analytic representation of the electron-gas correlation energy},
  author = {Perdew, John P. and Wang, Yue},
  journal = {Phys. Rev. B},
  volume = {45},
  issue = {23},
  pages = {13244--13249},
  year = {1992},
  month = {Jun},
%  doi = {10.1103/PhysRevB.45.13244},
  %url = {http://link.aps.org/doi/10.1103/PhysRevB.45.13244},
  publisher = {American Physical Society}
}

@article{blochl1994paw,
  title={Projector augmented-wave method},
  author={Bl{\"o}chl, P.E.},
  journal={Physical Review B},
  volume={50},
  number={24},
  pages={17953},
  year={1994},
  publisher={APS}
}

@article{monkhorst1976,
  title={Special points for Brillouin-zone integrations},
  author={Monkhorst, H.J. and Pack, J.D.},
  journal={Physical Review B},
  volume={13},
  number={12},
  pages={5188--5192},
  year={1976}
}

@article{methfessel1989,
  title={High-precision sampling for Brillouin-zone integration in metals},
  author={Methfessel, M. and Paxton, AT},
  journal={Physical Review B},
  volume={40},
  number={6},
  pages={3616},
  year={1989},
  publisher={APS}
}

@article{blochl1994improved,
  title={Improved tetrahedron method for Brillouin-zone integrations},
  author={Bl{\"o}chl, P.E. and Jepsen, O. and Andersen, OK},
  journal={Physical Review B},
  volume={49},
  number={23},
  pages={16223},
  year={1994},
  publisher={APS}
}

@article{ma2010high,
  title={High temperature shape memory alloys},
  author={Ma, J. and Karaman, I. and Noebe, R.D.},
  journal={International Materials Reviews},
  volume={55},
  number={5},
  pages={257--315},
  year={2010},
  publisher={Maney Publishing}
}

@book{christian2002theory,
  title={The Theory of Transformations in Metals and Alloys: Part I+ II.},
  author={Christian, JW},
  year={2002},
  publisher={Elsevier}
}

@article{qian2005current,
  title={Current dissipation in thin superconducting wires: A numerical evaluation using the string method},
  author={Qian, T. and Ren, W. and Sheng, P.},
  journal={Physical Review B},
  volume={72},
  number={1},
  pages={014512},
  year={2005},
  publisher={APS}
}

@article{jonsson1998nudged,
  title={Nudged elastic band method for finding minimum energy paths of transitions},
  author={Jonsson, H. and Mills, G. and Jacobsen, K.W.},
  year={1998},
  publisher={Citeseer}
}

