@comment{x-kbibtex-personnameformatting=<%l><, %f>}

@article{Tad88,
	author = "Tadaki, T. and Otsuka, K. and Shimizu, K.",
	journal = "Annual Review of Materials Science",
	number = "1",
	pages = "25--45",
	publisher = "Annual Reviews 4139 El Camino Way, PO Box 10139, Palo Alto, CA 94303-0139, USA",
	title = "{Shape memory alloys}",
	volume = "18",
	year = "1988"
}

@book{Saun88,
	address = "Oxford",
	author = "Saunders, N. and Miodownik, A. P.",
	journal = "Pergamon Materials Series",
	publisher = "Pergamon Press",
	title = "{CALPHAD: calculation of phase diagrams: A Comprehensive Guide: A Comprehensive Guide}",
	year = "1998"
}

@book{Hans07,
	author = "Lukas, H. and Fries, S.G. and Sundman, B.",
	publisher = "Cambridge university press",
	title = "{Computational thermodynamics: the Calphad method}",
	year = "2007"
}

@book{Ryh1999,
  title="Biocompatibility evaluation of nickel-titanium shape memory metal alloy",
  author=" Ryh{\"a}nen, Jorma",
  year="1999",
  publisher="Oulun yliopisto"
}

@article{Oik06,
	author = "Oikawa, K. and Ota, T. and Imano, Y. and Omori, T. and Kainuma, R. and Ishida, K.",
	journal = "Journal of phase equilibria and diffusion",
	number = "1",
	pages = "75--82",
	publisher = "Springer",
	title = "{Phase equilibria and phase transformation of Co- Ni- Ga ferromagnetic shape memory alloy system}",
	volume = "27",
	year = "2006"
}

@article{Duch08,
	author = "Ducher, R. and Kainuma, R. and Ishida, K.",
	journal = "Journal of Alloys and Compounds",
	number = "1-2",
	pages = "208--213",
	publisher = "Elsevier",
	title = "{Phase equilibria in the Ni-Co-Ga alloy system}",
	volume = "466",
	year = "2008"
}

@article{Ish91,
	author = "Ishida, K. and Kainuma, R. and Ueno, N. and Nishizawa, T.",
	journal = "Metallurgical and materials Transactions A",
	number = "2",
	pages = "441--446",
	publisher = "Springer",
	title = "{Ductility enhancement in NiAl (B2)-base alloys by microstructural control}",
	volume = "22",
	year = "1991"
}

@article{Kain96,
	author = "Kainuma, R. and Ise, M. and Jia, C.-C. and Ohtani, H. and Ishida, K.",
	file = "ScienceDirect Snapshot:/home/anjana/.mozilla/firefox/tt1crqve.default/zotero/storage/PE3TQ4QU/0966979596000349.html:text/html",
	issn = "0966-9795",
	journal = "Intermetallics",
	keywords = "B. martensitic transformations; C. thermomechanical treatment; D. microstructure",
	pages = "S151--S158",
	title = "{Phase equilibria and microstructural control in the Ni-Co-Al system}",
	volume = "4, Supplement 1",
	year = "1996"
}

@article{Kain92,
	author = "Kainuma, R. and Ishida, K. and Nishizawa, T.",
	issn = "0360-2133, 1543-1940",
	journal = "Metallurgical Transactions A",
	keywords = "Ceramics; Glass; Composites; Natural Methods; Materials Science; Metallic Materials; Physical Chemistry; Structural Materials",
	language = "en",
	month = apr,
	number = "4",
	pages = "1147--1153",
	title = "{Thermoelastic martensite and shape memory effect in B2 Base Ni-Al-Fe alloy with enhanced ductility}",
	volume = "23",
	year = "1992"
}

@article{Tan06,
	author = "Tanaka, Y. and Oikawa, K. and Sutou, Y. and Omori, T. and Kainuma, R. and Ishida, K.",
	issn = "0921-5093",
	journal = "Materials Science and Engineering: A",
	keywords = "{Co--Ni--Al}; Ferromagnetic shape memory; Superelasticity",
	month = nov,
	pages = "1054--1060",
	shorttitle = "Proceedings of the International Conference on Martensitic Transformations",
	title = "{Martensitic transition and superelasticity of {Co--Ni--Al} ferromagnetic shape memory alloys with β + γ two-phase structure}",
	volume = "438--440",
	year = "2006"
}

@article{Ono99,
	author = "Ono, N and Tsukahara, A and Kainuma, R and Ishida, K",
	file = "ScienceDirect Snapshot:/home/anjana/.mozilla/firefox/tt1crqve.default/zotero/storage/KV9RVEPH/S092150939900310X.html:text/html",
	issn = "0921-5093",
	journal = "Materials Science and Engineering: A",
	keywords = "Dual phases; {Ni--Al--Fe} alloys; Shape memory alloys; Shape memory cycling",
	month = dec,
	pages = "420--424",
	title = "{The properties of two-phase {Ni--Al--Fe} shape memory alloys in the virgin and shape-memory-cycled states}",
	volume = "273--275",
	year = "1999"
}

@article{Liu07,
	author = "Liu, J. and Li, {J.G.}",
	issn = "1359-6462",
	journal = "Scripta Materialia",
	keywords = "Mechanical properties; Microstructure; Shape memory alloys",
	month = jan,
	number = "2",
	pages = "109--112",
	title = "{Microstructure, superelasticity and fracture behavior in magnetic shape memory {Co--Ni--Ga--Fe} alloys with two-phase structures}",
	volume = "56",
	year = "2007"
}

@article{Omo04,
	author = "Omori, T and Kamiya, N and Sutou, Y and Oikawa, K and Kainuma, R and Ishida, K",
	issn = "0921-5093",
	journal = "Materials Science and Engineering: A",
	keywords = "Curie temperature; Ferromagnetic shape memory alloy; Martensitic transformation; Modulated layer structure; {Ni--Ga--Fe}; Phase equilibrium",
	month = jul,
	number = "1--2",
	pages = "403--408",
	shorttitle = "European Symposium on Martensitic Transformation and Shape-Memory",
	title = "{Phase transformations in {Ni--Ga--Fe} ferromagnetic shape memory alloys}",
	volume = "378",
	year = "2004"
}

@article{Oik01,
	author = "Oikawa, Katsunari and Ota, Takuya and Gejima, Fumihiko and Ohmori, Toshihiro and Kainuma, Ryosuke and Ishida, Kiyohito",
	journal = "Materials transactions-JIM",
	number = "11",
	pages = "2472--2475",
	publisher = "Japan Institute of Metals",
	title = "{Phase equilibria and phase transformations in new B2-type ferromagnetic shape memory alloys of Co-Ni-Ga and Co-Ni-Al systems}",
	volume = "42",
	year = "2001"
}

@article{Oikaw01,
	author = "Oikawa, K. and Wulff, L. and Iijima, T. and Gejima, F. and Ohmori, T. and Fujita, A. and Fukamichi, K. and Kainuma, R. and Ishida, K.",
	file = "Oikawa(2001)\_Appl\_Phys\_Lett\_79.pdf:/home/anjana/.mozilla/firefox/tt1crqve.default/zotero/storage/I7HMUE6N/Oikawa(2001)\_Appl\_Phys\_Lett\_79.pdf:application/pdf",
	issn = "00036951",
	journal = "Applied Physics Letters",
	number = "20",
	pages = "3290",
	title = "{Promising ferromagnetic {Ni--Co--Al} shape memory alloy system}",
	volume = "79",
	year = "2001"
}

@article{Oik02,
	author = "Oikawa, K and Ota, T and Ohmori, T and Tanaka, Y and Morito, H and Fujita, A and Kainuma, R and Fukamichi, K and Ishida, K",
	journal = "Applied physics letters",
	number = "27",
	pages = "5201--5203",
	publisher = "AIP",
	title = "{Magnetic and martensitic phase transitions in ferromagnetic Ni--Ga--Fe shape memory alloys}",
	volume = "81",
	year = "2002"
}

@article{Hao84,
	author = "Hao, Shi Ming and Takayama, T and Ishida, K and Nishizawa, T",
	journal = "Metallurgical Transactions A",
	number = "10",
	pages = "1819--1828",
	publisher = "Springer",
	title = "{Miscibility Gap in Fe-Ni-Al and Fe-Ni-Al-Co Systems}",
	volume = "15",
	year = "1984"
}

@article{Zha04,
	author = "Zhao, J-C",
	journal = "Journal of materials science",
	number = "12",
	pages = "3913--3925",
	publisher = "Springer",
	title = "{Reliability of the diffusion-multiple approach for phase diagram mapping}",
	volume = "39",
	year = "2004"
}

@article{Duch07,
	author = "Ducher, R. and Kainuma, R. and Ishida, K.",
	issn = "09669795",
	journal = "Intermetallics",
	month = feb,
	number = "2",
	pages = "148--153",
	title = "{Phase equilibria in the Ni-rich portion of the {Ni--Ga} binary system}",
	volume = "15",
	year = "2007"
}

@article{Ipser04,
	author = "Yuan, {W.X.} and Qiao, {Z.Y.} and Ipser, Herbert and Eriksson, Gunnar",
	issn = "15477037, 00000000",
	journal = "Journal of Phase Equilibria \& Diffusion",
	month = "Feb",
	number = "1",
	pages = "68--74",
	title = "{Thermodynamic Assessment of the Ni-Ga System}",
	volume = "25",
	year = "2004"
}

@article{Tan04,
	author = "Tanaka, Yuuki and Ohmori, Toshihiro and Oikawa, Katsunari and Kainuma, Ryosuke and Ishida, Kiyohito",
	journal = "Materials Transactions",
	number = "2",
	pages = "427--430",
	title = "{Ferromagnetic Co-Ni-Al Shape Memory Alloys with $\beta + \gamma $ Two-Phase Structure}",
	volume = "45",
	year = "2004"
}

@article{Liu05,
	author = "Liu, J and Zheng, H and Xia, M and Huang, Y and Li, J",
	issn = "13596462",
	journal = "Scripta Materialia",
	month = may,
	number = "9",
	pages = "935--938",
	title = "{Martensitic transformation and magnetic properties in Heusler {CoNiGa} magnetic shape memory alloys}",
	volume = "52",
	year = "2005"
}

@article{Liu06,
	author = "Liu, Jian and Xie, Hua and Huo, Yanqiu and Zheng, Hongxing and Li, Jianguo",
	issn = "09258388",
	journal = "Journal of Alloys and Compounds",
	month = aug,
	number = "1-2",
	pages = "145--157",
	title = "{Microstructure evolution in {CoNiGa} shape memory alloys}",
	volume = "420",
	year = "2006"
}

@article{Mik87,
	author = "Mikula, Adolf",
	journal = "Zeitschrift fur Metallkunde",
	number = "3",
	pages = "172--176",
	title = "{Thermodynamic properties of Ternary-B2 phases with triple defects.Part II: EMF measurements in $\beta'$-CoGa,$\beta'$-NiGa and $\beta'$-(Co,Ni)Ga}",
	volume = "78",
	year = "1987"
}

@article{Pru08,
	author = "Prusik, K. and Kostrubiec, B. and Goryczka, T. and Dercz, G. and Ochin, P. and Morawiec, H.",
	issn = "09215093",
	journal = "Materials Science and Engineering: A",
	month = may,
	pages = "330--333",
	title = "{Effect of composition and heat treatment on the martensitic transformations in {Co--Ni--Ga} alloys}",
	volume = "481-482",
	year = "2008"
}

@article{Cha10,
	author = "Chari, Arpita and Garay, Andres and Arr{\'o}yave, Raymundo",
	issn = "03645916",
	journal = "Calphad",
	month = jun,
	number = "2",
	pages = "189--195",
	title = "{Thermodynamic remodeling of the {Co--Ga} system}",
	volume = "34",
	year = "2010"
}

@article{Nish90,
	author = "Ishida, K and Nishizawa, T and Massalski, TB",
	journal = "The Materials Information Society, ASM International, Materials Park, Ohio",
	title = "{Binary alloy phase diagrams}",
	year = "1990"
}

@article{Boo78,
	author = "Booth, JG and Cywinski, R and Prince, JG",
	journal = "Journal of Magnetism and Magnetic Materials",
	number = "1",
	pages = "127--130",
	publisher = "Elsevier",
	title = "{Magnetic and structural phases of nickel and coppers substituted CoGa alloys}",
	volume = "7",
	year = "1978"
}

@article{Sun85,
	author = "Sundman, Bo and Jansson, Bo and Andersson, Jan-Olof",
	journal = "Calphad",
	number = "2",
	pages = "153--190",
	publisher = "Elsevier",
	title = "{The thermo-calc databank system}",
	volume = "9",
	year = "1985"
}

@article{Shi97,
	author = "Sundman, B and Shi, Г",
	journal = "97-39 (1997)",
	pages = "52--59",
	title = "{Electrochemical Society Proceedings}",
	year = "1997"
}

@article{Pon2008,
	author = "Pons, J. and Cesari, E. and Segu{\'i}, C. and Masdeu, F. and Santamarta, R.",
	issn = "09215093",
	journal = "Materials Science and Engineering: A",
	month = may,
	pages = "57--65",
	shorttitle = "Ferromagnetic shape memory alloys",
	title = "{Ferromagnetic shape memory alloys: Alternatives to {Ni--Mn--Ga}}",
	volume = "481-482",
	year = "2008"
}

@article{99Grob,
	author = "Gr{\"o}bner, J. and Wenzel, R. and Fischer, G. G. and Schmid-Fetzer, R.",
	file = "Grobner(1999).pdf:/home/anjana/.mozilla/firefox/tt1crqve.default/zotero/storage/XFCXIC57/Grobner(1999).pdf:application/pdf",
	journal = "Journal of phase equilibria",
	number = "6",
	pages = "615--625",
	title = "{Thermodynamic calculation of the binary systems M-Ga and investigation of ternary M-Ga-N phase equilibria (M= Ni, Co, Pd, Cr)}",
	volume = "20",
	year = "1999"
}

@article{79Fes,
	author = "Feschotte, P and Eggimann, P",
	journal = "J. Less-Common Met",
	pages = "15--30",
	title = "{The Binary Systems Cobalt-Gallium and Nickel-Gallium---A Comparative Study}",
	volume = "63",
	year = "1979"
}

\bibitem{80Lu}Lu XS, Liang JK, Zhangm DF. Acta Phy Sin 1980;29(5):557.

@article{80Lu,
	author = "Feschotte, P and Eggimann, P",
	journal = "J. Less-Common Met",
	pages = "15--30",
	title = "{The Binary Systems Cobalt-Gallium and Nickel-Gallium---A Comparative Study}",
	volume = "63",
	year = "1979"
}

@article{82Wuns,
	author = "Wunsch, KM and Wachtel, E",
	journal = "Zeitschrift fur Metallkunde",
	number = "5",
	pages = "311--315",
	title = "{Defect Structure and Lattice Parameter of Co--Ga Alloys with B 2-Structure}",
	volume = "73",
	year = "1982"
}

@article{05Su,
	author = "Su, Xuping and Tedenac, Jean-Claude",
	journal = "Intermetallics",
	number = "5",
	pages = "467--473",
	publisher = "Elsevier",
	title = "{Thermodynamic modeling of the cobalt--gallium system}",
	volume = "13",
	year = "2005"
}

@article{81Omm,
	author = "{Van Ommen}, AH and Waegemaekers, AAHJ and Moleman, AC and Schlatter, H and Bakker, H",
	journal = "Acta Metallurgica",
	number = "1",
	pages = "123--133",
	publisher = "Elsevier",
	title = "{Vacancies in CoGa}",
	volume = "29",
	year = "1981"
}

@article{75Bern,
	author = "Berner, D and Geibel, G and Gerold, V and Wachtel, E",
	journal = "Journal of Physics and Chemistry of Solids",
	number = "4",
	pages = "221--227",
	publisher = "Elsevier",
	title = "{Structural defects and magnetic properties in the ordered compound CoGa}",
	volume = "36",
	year = "1975"
}

@article{99Dup,
	author = "Dupin, N and Ansara, I",
	journal = "Zeitschrift f{\"u}r Metallkunde",
	number = "1",
	pages = "76--85",
	publisher = "Hanser",
	title = "{On the sublattice formalism applied to the B2 phase}",
	volume = "90",
	year = "1999"
}

@article{73Wat,
	author = "Wachtel, E and Linse, V and Gerold, V",
	journal = "Journal of Physics and Chemistry of Solids",
	number = "9",
	pages = "1461--1466",
	publisher = "Elsevier",
	title = "{Defect structure and magnetic moments in the< i> $\beta$-phases of CoAl and CoGa}",
	volume = "34",
	year = "1973"
}

@article{96Kres,
	author = "Kresse, Georg and Furthm{\"u}ller, J{\"u}rgen",
	journal = "Physical Review B",
	number = "16",
	pages = "11169",
	publisher = "APS",
	title = "{Efficient iterative schemes for ab initio total-energy calculations using a plane-wave basis set}",
	volume = "54",
	year = "1996"
}

@article{96Kress,
	author = "Kresse, Georg and Furthm{\"u}ller, J{\"u}rgen",
	journal = "Computational Materials Science",
	number = "1",
	pages = "15--50",
	publisher = "Elsevier",
	title = "{Efficiency of ab-initio total energy calculations for metals and semiconductors using a plane-wave basis set}",
	volume = "6",
	year = "1996"
}

@article{92Perd,
	author = "Perdew, John P and Wang, Yue",
	journal = "Physical Review B",
	number = "23",
	pages = "13244",
	publisher = "APS",
	title = "{Accurate and simple analytic representation of the electron-gas correlation energy}",
	volume = "45",
	year = "1992"
}

@article{76Monk,
	author = "Monkhorst, Hendrik J and Pack, James D",
	journal = "Physical Review B",
	number = "12",
	pages = "5188--5192",
	title = "{Special points for Brillouin-zone integrations}",
	volume = "13",
	year = "1976"
}

@article{89Meth,
	author = "Methfessel, MPAT and Paxton, AT",
	journal = "Physical Review B",
	number = "6",
	pages = "3616",
	publisher = "APS",
	title = "{High-precision sampling for Brillouin-zone integration in metals}",
	volume = "40",
	year = "1989"
}

@article{94Bloc,
	author = "Bl{\"o}chl, Peter E and Jepsen, Ove and Andersen, Ole Krogh",
	journal = "Physical Review B",
	number = "23",
	pages = "16223",
	publisher = "APS",
	title = "{Improved tetrahedron method for Brillouin-zone integrations}",
	volume = "49",
	year = "1994"
}

@article{ra-stefano,
	author = "Setyawan, W. and Curtarolo, S.",
	journal = "Comp. Mater. Sci.",
	number = "",
	pages = "299--312",
	title = "{High-throughput electronic structure calculations: challenges and tools}",
	volume = "49",
	year = "2010"
}

@article{ra-atat2,
	author = "van de Walle, A.",
	journal = "CALPHAD",
	pages = "266--278",
	title = "{Multicomponent multisublattice alloys, nonconfigurational entropy and other additions to the Alloy Theoretic Automated Toolkit}",
	volume = "33",
	year = "2009"
}

@article{Mar76,
  title={Enthalpies of formation of solid nickel-gallium and nickel-germanium alloys},
  author={Martosudirjo, S and Pratt, JN},
  journal={Thermochimica Acta},
  volume={17},
  number={2},
  pages={183--194},
  year={1976},
  publisher={Elsevier}
}

@article{Pra93,
  title={Solid electrolyte cell studies of solid nickel-gallium alloys},
  author={Pratt, JN and Bird, JM},
  journal={Journal of phase equilibria},
  volume={14},
  number={4},
  pages={465--472},
  year={1993},
  publisher={Springer}
}

@article{Kat74,
  title={Thermodynamic study of solid Ni-Ga alloys by EMF measurements using the solid electrolyte},
  author={Katayama, Iwao and Igi, Shigeo and Kozuka, Zensaku},
  journal={Trans. Japan Inst. Metals},
  volume={15},
  number={6},
  pages={447--453},
  year={1974}
}

@article{Pre75,
  title={Thermodynamische untersuchung des systems nickel-gallium},
  author={Predel, Bruno and Vogelbein, Wolfgang and Schallner, Udo},
  journal={Thermochimica Acta},
  volume={12},
  number={4},
  pages={367--375},
  year={1975},
  publisher={Elsevier}
}