@incollection{pecharsky2005magnetocaloric,
  title={Magnetocaloric Effect Associated with Magnetostructural Transitions},
  author={Pecharsky, V. K. and Gschneidner Jr, K. A. },
  booktitle={Magnetism and Structure in Functional Materials},
  pages={199--222},
  year={2005},
  publisher={Springer}
}

@article{siewert2010electronic,
  title={Electronic structure and lattice dynamics of the magnetic shape-memory alloy Co\_ $\{$2$\}$ NiGa},
  author={Siewert, M and Gruner, M. E. and Dannenberg, A and Hucht, A and Shapiro, S. M. and Xu, G and Schlagel, D. L. and Lograsso, T. A. and Entel, P},
  journal={Physical Review B},
  volume={82},
  number={6},
  pages={064420},
  year={2010},
  publisher={APS}
}

@article{dai2005superelasticity,
  title={Superelasticity of CoNiGa: Fe single crystals},
  author={Dai, XF and Liu, G. D. and Liu, Z. H. and Wu, G. H. and Chen, J. L. and Meng, F. B. and Liu, H. Y. and Yan, L. Q.  and Qu, J. P.  and Li, Y. X.  and others},
  journal={Applied Physics Letters},
  volume={87},
  number={11},
  pages={112504--112504},
  year={2005},
  publisher={AIP}
}
@article{liu2006effect,
  title={Effect of annealing on the microstructure and martensitic transformation of magnetic shape memory alloys CoNiGa},
  author={Liu, Jian and Xia, Mingxu and Huang, Yanlu and Zheng, Hongxing and Li, Jianguo},
  journal={Journal of alloys and compounds},
  volume={417},
  number={1},
  pages={96--99},
  year={2006},
  publisher={Elsevier}
}

@article{dogan2011microstructure,
  title={Microstructure and martensitic transformation characteristics of CoNiGa high temperature shape memory alloys},
  author={Dogan, E and Karaman, I and Chumlyakov, Y. I. and Luo, Z. P.},
  journal={Acta Materialia},
  volume={59},
  number={3},
  pages={1168--1183},
  year={2011},
  publisher={Elsevier}
}

@article{canadinc2007role,
  title={On the role of the cooling rate and crystallographic orientation on the shape memory properties of CoNiAl single crystals under compression},
  author={Canadinc, Demircan and Dadda, Jayaram and Maier, Hans J{\"u}rgen and Karaman, Ibrahim and Karaca, Haluk E. and Chumlyakov, Yuriy I},
  journal={Smart materials and structures},
  volume={16},
  number={4},
  pages={1006},
  year={2007},
  publisher={IOP Publishing}
}

@article{oikawa2001promising,
  title={Promising ferromagnetic Ni--Co--Al shape memory alloy system},
  author={Oikawa, K and Wulff, L and Iijima, T and Gejima, F and Ohmori, T and Fujita, A and Fukamichi, K and Kainuma, R and Ishida, K},
  journal={Applied Physics Letters},
  volume={79},
  number={20},
  pages={3290--3292},
  year={2001},
  publisher={AIP}
}

@article{murakami2002magnetic,
  title={Magnetic domain structures in Co--Ni--Al shape memory alloys studied by Lorentz microscopy and electron holography},
  author={Murakami, Y and Shindo, D and Oikawa, K and Kainuma, R and Ishida, K},
  journal={Acta materialia},
  volume={50},
  number={8},
  pages={2173--2184},
  year={2002},
  publisher={Elsevier}
}

@phdthesis{dannenberg2011ab,
  title={Ab initio and Monte Carlo investigations of structural, electronic and magnetic properties of new ferromagnetic Heusler alloys with high Curie temperatures},
  author={Dannenberg, Antje},
  year={2011},
  school={Universit{\"a}t Duisburg-Essen, Fakult{\"a}t f{\"u}r Physik Theoretische Physik}
}

@article{yamada2014synthesis,
  title={Synthesis, Crystal Structure, and High-Temperature Phase Transition of the Novel Plumbide Na2MgPb},
  author={Yamada, Takahiro and Ikeda, Takuji and Stoffel, Ralf P and Deringer, Volker L and Dronskowski, Richard and Yamane, Hisanori},
  journal={Inorganic chemistry},
  year={2014},
  publisher={ACS Publications}
}

@article{Liu2006145,
title={Microstructure evolution in CoNiGa shape memory alloys},
author={Liu, Jian and Xie, Hua and Huo, Yanqiu and Zheng, Hongxing and Li, Jianguo},
journal={Journal of alloys and compounds},
volume={420},
number={1},
pages={145--157},
year={2006},
publisher={Elsevier},
doi = "http://dx.doi.org/10.1016/j.jallcom.2005.10.056"
}

@book{toledano1996reconstructive,
  title={Reconstructive phase transitions},
  author={Tol{\'e}dano, Pierre and Dmitriev, Vladimir},
  year={1996},
  publisher={World Scientific}
}

@article{burger1934,
author={Burgers,W. G.},
year={1934},
title={On the process of transition of the cubic-body-centered modification into the hexagonal-close-packed modification of zirconium},
journal={Physica},
volume={1},
number={7-12},
pages={561-586}
}

@article{Kresse1996,
author = {Kresse, G and Furthm\"{u}ller, J},
issn = {0163-1829},
journal = {Physical review. B, Condensed matter},
number = {16},
pages = {11169--11186},
pmid = {9984901},
title = {{Efficient iterative schemes for ab initio total-energy calculations using a plane-wave basis set.}},
volume = {54},
year = {1996}
}

@article{Perdew1992,
  title = {Accurate and simple analytic representation of the electron-gas correlation energy},
  author = {Perdew, John P. and Wang, Yue},
  journal = {Phys. Rev. B},
  volume = {45},
  issue = {23},
  pages = {13244--13249},
  year = {1992},
  month = {Jun},
  publisher = {American Physical Society}
}

@article{LDA,
  title={Self-interaction correction to density-functional approximations for many-electron systems},
  author={Perdew, John P and Zunger, Alex},
  journal={Physical Review B},
  volume={23},
  number={10},
  pages={5048},
  year={1981},
  publisher={APS}
}

@article{blochl1994paw,
  title={Projector augmented-wave method},
  author={Bl{\"o}chl, P. E.},
  journal={Physical Review B},
  volume={50},
  number={24},
  pages={17953},
  year={1994},
  publisher={APS}
}

@article{monkhorst1976,
  title={Special points for Brillouin-zone integrations},
  author={Monkhorst, H.J. and Pack, J.D.},
  journal={Physical Review B},
  volume={13},
  number={12},
  pages={5188--5192},
  year={1976}
}

@article{methfessel1989,
  title={High-precision sampling for Brillouin-zone integration in metals},
  author={Methfessel, M. and Paxton, A. T. },
  journal={Physical Review B},
  volume={40},
  number={6},
  pages={3616},
  year={1989},
  publisher={APS}
}

@article{blochl1994improved,
  title={Improved tetrahedron method for Brillouin-zone integrations},
  author={Bl{\"o}chl, P. E. and Jepsen, O. and Andersen, O. K. },
  journal={Physical Review B},
  volume={49},
  number={23},
  pages={16223},
  year={1994},
  publisher={APS}
}

@article{ganeshan2009effect,
  title={Effect of alloying elements on the elastic properties of Mg from first-principles calculations},
  author={Ganeshan, S and Shang, SL and Wang, Y and Liu, Z-K},
  journal={Acta Materialia},
  volume={57},
  number={13},
  pages={3876--3884},
  year={2009},
  publisher={Elsevier}
}

@article{ganeshan2009elastic,
  title={Elastic constants of binary Mg compounds from first-principles calculations},
  author={Ganeshan, S and Shang, SL and Zhang, H and Wang, Y and Mantina, M and Liu, ZK},
  journal={Intermetallics},
  volume={17},
  number={5},
  pages={313--318},
  year={2009},
  publisher={Elsevier}
}

@article{shang2010first,
  title={First-principles calculations of pure elements: Equations of state and elastic stiffness constants},
  author={Shang, SL and Saengdeejing, A and Mei, ZG and Kim, DE and Zhang, H and Ganeshan, S and Wang, Y and Liu, ZK},
  journal={Computational Materials Science},
  volume={48},
  number={4},
  pages={813--826},
  year={2010},
  publisher={Elsevier}
}

@article{le2002symmetry,
  title={Symmetry-general least-squares extraction of elastic data for strained materials from ab initio calculations of stress},
  author={Le Page, Yvon and Saxe, Paul},
  journal={Physical Review B},
  volume={65},
  number={10},
  pages={104104},
  year={2002},
  publisher={APS}
}

@article{duong2011ab,
  title={Ab-initio aprroach to the electronic, structural, elastic, and finite-temperature thermodynamic properties of Ti 2 AX (A= Al or Ga and X= C or N)},
  author={Duong, Thien and Gibbons, Sean and Kinra, Rajeev and Arr{\'o}yave, Raymundo},
  journal={Journal of Applied Physics},
  volume={110},
  number={9},
  pages={093504--093504},
  year={2011},
  publisher={AIP}
}

@article{nishitani2001first,
  title={First-principles calculations on bcc--hcp transition of titanium},
  author={Nishitani, S.R. and Kawabe, H. and Aoki, M.},
  journal={Materials Science and Engineering: A},
  volume={312},
  number={1},
  pages={77--83},
  year={2001},
  publisher={Elsevier}
}

@inproceedings{vsob1998ab,
  title={AB Initio Study of Changes in the Magnetism of Iron During the BCC-HCP Phase Transformation},
  author={{\v{S}}ob, M. and Fri{\'a}k, M. and Wang, LG and Vitek, V.},
  booktitle={MRS Proceedings},
  volume={538},
  number={1},
  year={1998},
  organization={Cambridge Univ Press}
}

@article{vsob1999proceedings,
  title={Proceedings of the International Conference on Solid-Solid Phase Transformationsâ€™ 99 (JIMIC-3)},
  author={{\v{S}}ob, M. and Fri{\'a}k, M. and Wang, L. and Vitek, V.},
  year={1999},
  publisher={The Japan Institute of Metals}
}

@article{friak2008ab,
  title={Ab initio study of the bcc-hcp transformation in iron},
  author={Fri{\'a}k, M. and {\v{S}}ob, M.},
  journal={Physical Review B},
  volume={77},
  number={17},
  pages={174117},
  year={2008},
  publisher={APS}
}

@article{samanta2010modified,
  title={Modified string method for finding minimum energy path},
  author={Samanta, A. and others},
  journal={Arxiv preprint arXiv:1009.5612},
  year={2010}
}

@article{huang2003crystal,
  title={Crystal structures and shape-memory behaviour of {N}i{T}i},
  author={Huang, X. and Ackland, G.J. and Rabe, K.M.},
  journal={Nature Materials},
  volume={2},
  number={5},
  pages={307--311},
  year={2003},
  publisher={Nature Publishing Group}
}

@article{Goedecker2004,
title = {{Minima hopping: an efficient search method for the global minimum of the potential energy surface of complex molecular systems.}},
author = {Goedecker, Stefan},
issn = {0021-9606},
journal = {The Journal of chemical physics},
pages = {9911--9917},
pmid = {15268009},
volume = {120},
year = {2004}
}

@article{Amsler2010,
author = {Amsler, Maximilian and Goedecker, Stefan},
issn = {00219606},
journal = {J. Chem. Phys.},
pages = {224104--1 -- 224104--8},
title = {{Crystal structure prediction using the minima hopping method}},
volume = {133},
year = {2010}
}

@article{OQMD,
year={2013},
issn={1047-4838},
journal={JOM},
volume={65},
number={11},
doi={10.1007/s11837-013-0755-4},
title={Materials Design and Discovery with High-Throughput Density Functional Theory: The Open Quantum Materials Database (OQMD)},
publisher={Springer US},
author={Saal, JamesE. and Kirklin, Scott and Aykol, Muratahan and Meredig, Bryce and Wolverton, C.},
pages={1501-1509}
}

@article{Materialsproject,
author = {Jain, Anubhav and Ong, Shyue Ping and Hautier, Geoffroy and Chen, Wei and Richards, William Davidson and Dacek, Stephen and Cholia, Shreyas and Gunter, Dan and Skinner, David and Ceder, Gerbrand and Persson, Kristin a.},
doi = {10.1063/1.4812323},
issn = {2166532X},
journal = {APL Materials},
number = {1},
pages = {011002},
title = {{The Materials Project: A materials genome approach to accelerating materials innovation}},
url = {http://link.aip.org/link/AMPADS/v1/i1/p011002/s1\&Agg=doi},
volume = {1},
year = {2013}
}

@misc{curtarolo2009aflow,
  title={AFLOW: software for high-throughput calculation of material properties},
  author={Curtarolo, S and Hart, GLW and Setyawan, W and Mehl, M and Jahnatek, M and Chepulskii, RV and Levy, O and Morgan, D},
  year={2009}
}
@article{Perdew1996,
  title = {Generalized Gradient Approximation Made Simple},
  author = {Perdew, John P. and Burke, Kieron and Ernzerhof, Matthias},
  journal = {Phys. Rev. Lett.},
  volume = {77},
  issue = {18},
  pages = {3865--3868},
  numpages = {0},
  year = {1996},
  month = {Oct},
  publisher = {American Physical Society},
  doi = {10.1103/PhysRevLett.77.3865},
  url = {http://link.aps.org/doi/10.1103/PhysRevLett.77.3865}
}
@article{blochl1994,
  title = {Projector augmented-wave method},
  author = {Bl\"ochl, P. E. },
  journal = {Phys. Rev. B},
  volume = {50},
  issue = {24},
  pages = {17953--17979},
  numpages = {0},
  year = {1994},
  month = {Dec},
  publisher = {American Physical Society},
  doi = {10.1103/PhysRevB.50.17953},
  url = {http://link.aps.org/doi/10.1103/PhysRevB.50.17953}
}

@article{fichtner2015effects,
  title={Effects of Annealing on the Martensitic Transformation of Ni-Based Ferromagnetic Shape Memory Heusler Alloys and Nanoparticles},
  author={Fichtner, Tina and Wang, Changhai and Levin, Aleksandr A and Kreiner, Guido and Mejia, Catalina Salazar and Fabbrici, Simone and Albertini, Franca and Felser, Claudia},
  journal={Metals},
  volume={5},
  number={2},
  pages={484--503},
  year={2015},
  publisher={Multidisciplinary Digital Publishing Institute}
}

@article{parrinello1981polymorphic,
  title={Polymorphic transitions in single crystals: A new molecular dynamics method},
  author={Parrinello, Michele and Rahman, Aneesur},
  journal={Journal of Applied physics},
  volume={52},
  number={12},
  pages={7182--7190},
  year={1981},
  publisher={AIP Publishing}
}

@article{bhattacharya1998theory,
  title={Theory of martensitic microstructure and the shape-memory effect},
  author={Bhattacharya, Kaushik},
  journal={Available from:< bhatta@ co. caltech. edu},
  year={1998}
}

@article{zunger1990special,
  title={Special quasirandom structures},
  author={Zunger, Alex and Wei, S-H and Ferreira, L. G.  and Bernard, James E. },
  journal={Physical Review Letters},
  volume={65},
  number={3},
  pages={353},
  year={1990},
  publisher={APS}
}

@article{singh2011effect,
  title={Effect of configurational order on the magnetic characteristics of Co-Ni-Ga ferromagnetic shape memory alloys},
  author={Singh, Navdeep and Dogan, Ebubekir and Karaman, Ibrahim and Arr{\'o}yave, Raymundo},
  journal={Physical Review B},
  volume={84},
  number={18},
  pages={184201},
  year={2011},
  publisher={APS}
}

@article{Obradobccstability1997,
  title = {Stability of the bcc phase of Cu-Al-Mn shape-memory alloys},
  author = {Obrad\'o, Eduard and Ma\~nosa, Llu\'\is and Planes, Antoni},
  journal = {Phys. Rev. B},
  volume = {56},
  issue = {1},
  pages = {20--23},
  numpages = {0},
  year = {1997},
  month = {Jul},
  publisher = {American Physical Society},
  doi = {10.1103/PhysRevB.56.20},
  url = {http://link.aps.org/doi/10.1103/PhysRevB.56.20}
}

@article{recarte2012dependence,
  title={Dependence of the martensitic transformation and magnetic transition on the atomic order in Ni--Mn--In metamagnetic shape memory alloys},
  author={Recarte, V and P{\'e}rez-Landaz{\'a}bal, J. I.  and S{\'a}nchez-Alarcos, V and Rodr{\'\i}guez-Velamaz{\'a}n, J. A. },
  journal={Acta Materialia},
  volume={60},
  number={5},
  pages={1937--1945},
  year={2012},
  publisher={Elsevier}
}